2992 4992
531 429 818 493 ξ
1124 406 1217 519 ἰ’ςςῖ

121 622 218 703 uiris
245 622 410 707 summae
431 616 655 701 aussoritatis
677 622 821 697 ineam
843 619 998 699 allectis:
1040 610 1129 699 nim
1159 625 1223 699 αῖ

121 741 195 824 iis,
233 760 334 837 quae
358 732 516 813 aPrisco
540 749 683 812 narrata
701 734 910 835 supersunt,
941 748 1118 835 apparet,
1140 734 1244 819 ali-¹¹

124 854 287 951 quoties
313 852 408 951 regis
436 853 529 928 iram
551 847 785 929 excanduisse
815 848 925 927 miffls
946 846 1207 927 Constantino-

123 965 215 1067 poli
234 966 282 1043 ad
304 966 338 1041 se
353 965 486 1064 legatis
500 963 685 1041 inferioris
701 964 855 1042 ordinis.-
912 960 1123 1043 Praesulum
1142 968 1222 1041 au-'

127 1091 207 1157 tem
230 1092 271 1156 vt
292 1100 431 1177 magna
447 1090 525 1154 erat
540 1076 700 1175 dignitas
722 1092 760 1156 et
777 1078 988 1164 ausloritas,
1016 1083 1067 1154 ita
1085 1093 1124 1153 et
1137 1078 1207 1155 sre-

128 1217 261 1295 quens·
277 1195 364 1271 vsus
390 1215 431 1269 ιιι
449 1190 702 1290 legationibus
723 1191 936 1287 mittendis;
973 1203 1016 1273 ut
1035 1189 1220 1269 hasienus'

123 1308 223 1385 nibil
247 1306 316 1395 fit,
351 1303 457 1407 quod
483 1306 523 1380 in
545 1303 616 1381 hae
633 1304 681 1381 ad
698 1304 855 1383 Attilam
869 1306 1055 1405 legatione
1070 1300 1210 1382 Leonis

120 1445 217 1499 curn
237 1413 373 1516 ceteris
389 1422 625 1497 mirationem
643 1418 765 1499 facere
785 1421 926 1501 debeat.
986 1417 1095 1513 Quae
1110 1420 1214 1518 lega·

119 1549 263 1614 torum
294 1534 404 1612 verba
430 1526 680 1636 sutrinum)
708 1558 806 1637 quae
826 1537 926 1634 pacis
958 1535 1209 1624 conditiones,

118 1673 321 1752 nusquam
344 1662 592 1725 memoratum
613 1649 761 1748 legitur.
820 1646 1018 1726 Probabile
1039 1648 1101 1740 sit,
1128 1671 1213 1724 nru-

120 1788 219 1841 nera
246 1760 352 1844 fuisse
378 1760 498 1853 misia,
520 1762 609 1840 'alia
635 1762 825 1863 promisla3
866 1787 1032 1851 annuum
1054 1758 1210 1863 vesligal

122 1878 334 1966 exaslum,
363 1877 541 1976 colligere
569 1876 660 1954 licet
684 1902 731 1954 ex
752 1876 983 1957 Hunnorum
1001 1877 1209 1979 planslibus

121 1995 243 2094 super
259 1992 358 2093 regis
372 2006 513 2085 morte3
537 1986 587 2093 ιι)
606 2004 644 2067 et
657 1988 850 2071 Honoriae
865 1990 1114 2068 redditionem
1123 2012 1212 2070 cunr

123 2111 312 2209 portione
331 2106 515 2205 regalium
540 2129 660 2207 opum
689 2106 910 2206 postulatam
926 2100 1088 2203 arguunt
1101 2098 1212 2179 verba

126 2223 238 2323 apud
255 2219 483 2298 lornandem
497 2212 559 2319 o).
609 2279 612 2283 .
908 2246 917 2255 ··
960 2226 962 2235 ’

253 2358 356 2438 Cum
381 2356 517 2446 caussas
544 2374 582 2437 et
612 2359 849 2439 conditiones
873 2354 971 2459 pacis
997 2357 1149 2436 idoneas
1178 2371 1215 2435 et
1247 2426 1252 2452 ,

128 2473 355 2578 probabiles
382 2474 556 2573 indagare
579 2477 741 2575 pigeret,
782 2474 826 2549 ad
845 2474 1064 2553 miraculum
1081 2472 1216 2551 consu·

131 2595 192 2691 git
217 2590 440 2691 scriptorum
462 2591 621 2687 ignauia.
705 2585 804 2665 Cum
830 2585 967 2666 Beonis
991 2588 1212 2689 praesentiae

130 2697 312 2806 Prosper,
358 2701 421 2779 alii
444 2705 526 2779 eius·
544 2703 809 2805 eloquentiae,
845 2704 1010 2806 prosperi
1036 2702 1213 2781 successus

130 2814 559 2914 laudem-affignauenr:
594 2841 681 2897 ecce
703 2820 922 2905 extiterunt,
961 2821 1026 2917 qui
1042 2822 1214 2895 territum

132 2934 202 3010 dei
217 2923 323 3011 vnutu
338 2928 491 3008 Attilam
506 2947 712 3024 narrarent,
746 2956 907 3033 eumque
924 2932 1005 3033 post
1024 2929 1214 3010 discessum

133 3044 280 3127 Leonis
304 3035 508 3145 rogatum,
542 3070 563 3124 a
585 3048 677 3140 suis,
704 3072 785 3238 Icur
807 3061 910 3139 tanta
929 3070 1017 3123 cum
1040 3044 1214 3230 facilitatg

753 3188 780 3260 4
1167 3178 1187 3231 a

206 3319 260 3402 nt)
282 3316 335 3381 etsi
357 3320 458 3389 orabo
478 3320 508 3387 ei
529 3320 646 3386 tribute
668 3318 786 3401 legitur
808 3316 881 3382 setis
897 3316 1023 3381 diserta:
1042 3334 1074 3382 v.
1089 3336 1119 3382 e.
1133 3314 1214 3402 apud

157 3489 160 3494 Ι
256 3402 357 3469 canit
376 3406 409 3467 in
428 3405 492 3468 vita
508 3404 626 3469 Leonis
641 3403 713 3491 ΑΛ.
727 3401 783 3468 SS.
801 3400 901 3485 April.
919 3400 981 3467 Το.
998 3400 1039 3467 11.
1056 3420 1086 3485 p.
1102 3414 1152 3473 18.

206 3516 253 3597 ιι)
273 3512 539 3616 Ῑοηιιιιιᾴ..ι.ιι9.
563 3516 777 3613 qni-utraque
801 3512 957 3584 Romanus
981 3514 1067 3614 urbis
1088 3516 1215 3599 imperia

196 3706 202 3716 .
259 3598 1126 3769 afflasse
1139 3596 1221 3683 ,a

209 3793 254 3880 o)
275 3796 298 3863 Ι.
313 3817 341 3860 ο.
361 3816 392 3860 e.
409 3812 461 3874 aa.
511 3793 573 3879 Qui
586 3814 661 3858 mox
672 3794 802 3882 depastio
815 3800 960 3862 exercitas
971 3796 1101 3879 surore,
1123 3800 1152 3858 es
1170 3810 1218 3856 rr-

187 3879 190 3891 '
258 3877 347 3946 anns
368 3900 430 3965 qna
451 3888 589 3952 vannat,
623 3880 659 3945 id
671 3880 710 3967 efl
727 3882 811 3945 nstra
831 3879 1031 3953 Danubium,
1073 3872 1219 3963 promiffa

259 3983 334 4049 pace
347 3961 484 4048 discfft:
496 3962 579 4030 illati
591 3984 668 4048 prun
679 3964 818 4029 ornnsbns
830 3966 1010 4031 denuntians
1023 3970 1114 4047 atqua
1124 3965 1219 4023 intrr-

262 4048 406 4112 minando
425 4048 606 4130 discernens,
631 4051 787 4133 granius-a
803 4048 838 4129 se
860 4051 892 4112 in
909 4048 1033 4112 Italiam
1046 4046 1216 4118 illatarum,

258 4132 315 4276 nisi
338 4132 380 4195 ad
393 4132 429 4214 sa
450 4130 629 4195 Bononiam.
642 4131 847 4207 Valentiniani
866 4134 1015 4216 principis
1025 4146 1218 4209 germanam,
1360 4178 1364 4185 .

179 4218 183 4225 '
254 4216 358 4302 fliam
382 4214 537 4279 Psacidiae
554 4214 730 4303 Augustae,
767 4236 833 4278 carn
847 4218 983 4294 portiana
993 4210 1052 4297 fibi
1068 4214 1221 4295 regalium
1313 4274 1316 4287 ‚

258 4319 354 4393 opum
365 4298 467 4365 debita
482 4302 613 4368 ntitterat
624 4307 677 4366 etc.
694 4297 757 4365 vta.
773 4300 900 4383 resana.
1200 4349 1202 4359 ,
