2992 4992
120 629 586 731 tatiane‘complefitantun
614 634 786 731 iungunt
799 640 930 711 ‘tamen
957 643 1003 741 et¹
1016 616 1196 712 'comda-

121 749 246 823 nicant
264 749 394 845 gaudia
419 761 457 823 et
477 746 608 836 ludos,
633 762 768 825 mutuo
786 750 882 826 inter
905 748 941 825 se
968 770 1012 827 ac
1033 748 1193 845 naturali

122 864 279 959 impetu,
304 861 433 950 liberi,
467 853 663 943 familiares
687 886 730 939 ac
750 863 924 953 tribules,
956 862 1054 941 forte
1080 866 1194 943 etiam

119 990 290 1078 repetunt
318 999 386 1077 per
415 989 513 1053 certa
539 999 581 1054 ac
612 974 702 1055 fixa
720 991 909 1079 tempora,
958 990 1022 1099 apt
1046 990 1087 1054 vt
1120 978 1199 1055 fert

121 1090 225 1168 casus.

228 1370 415 1453 'Exfistunt
431 1366 553 1453 tamen
571 1372 696 1476 paffim
711 1362 866 1476 ¹ingenia
887 1378 1010 1453 minus
1032 1366 1133 1454 tarda
1147 1389 1196 1455 ‘et

117 1487 246 1565 obtusa
263 1493 411 1577 ceterrs
439 1492 576 1593 qurbus
591 1491 638 1569 de
656 1489 822 1569 caaffa
791 1515 869 1567 erus
886 1516 958 1581 rer
993 1511 1106 1592 quam
1124 1495 1195 1568 mi·

116 1619 195 1681 rant
197 1629 266 1694 ur,
276 1608 378 1705 cogi
381 1609 471 1683 tatio
493 1607 589 1682 forte
608 1605 730 1711 ¹aliqua
748 1606 900 1701 incidit3
926 1620 963 1683 at
979 1631 1020 1683 ea
1046 1606 1195 1707 prorsus

92 1788 94 1799 .
116 1706 242 1799 aliena
260 1745 280 1798 a
296 1720 422 1799 nostro
438 1746 561 1814 more3
593 1744 679 1796 nam
693 1737 941 1823 quaecunque
967 1746 1067 1799 noua
1085 1734 1122 1807 et
1137 1723 1195 1797 in-

114 1832 217 1913 solita
180 1836 298 1913 trei
322 1834 459 1935 species
497 1837 692 1925 obiicitur,
744 1849 808 1913 aut
839 1840 1007 1935 corporis
1039 1835 1195 1915 humani

113 1971 218 2026 more
238 1952 395 2048 animata
415 1948 483 2027 effe
500 1952 681 2041 creditur,
712 1964 776 2027 aut
790 1947 926 2026 subeffe
953 1965 1104 2051 putatur
1131 1974 1196 2027 na-

114 2074 192 2141 tura
211 2063 337 2164 aliqua
355 2065 549 2167 'inclusayet
575 2066 718 2153 abdita,
758 2087 852 2164 quae
873 2065 1006 2143 'motus
1031 2064 1092 2140 vel
1118 2064 1195 2140 for-

111 2202 216 2269 mae,
250 2182 408 2256 omnino
424 2180 632 2273 miraculi„
649 2178 906 2275 quodcunque
926 2177 1077 2251 tandem
1100 2174 1197 2253 illud

109 2290 174 2379 fit,
209 2290 328 2368 cauffa
351 2306 389 2366 et
414 2292 538 2367 aurffor
563 2294 623 2367 fit:
668 2291 765 2365 hanc
784 2289 844 2363 illi
871 2292 1071 2378 mirantur,
1107 2283 1197 2368 huic

110 2406 321 2504 plaudunt,
363 2403 547 2509 plamant,
591 2400 793 2491 exsultant,
818 2414 869 2505 ‘vt
901 2400 1022 2479 solent
1051 2402 1197 2483 barba'ri

112 2522 230 2611 aninri
260 2518 380 2595 sensus
401 2522 619 2619 exprimere
641 2538 910 2617 quoscunque.
933 2530 937 2541 '
982 2512 1076 2597 Ort'a
1103 2518 1195 2598 hinc

115 2638 249 2736 opinio
282 2635 492 2710 nostrorum
516 2635 733 2720 hominum,
780 2648 853 2731 qua
881 2630 946 2709 fibi
969 2633 1192 2736 persuasere,

113 2752 200 2829 illos
223 2750 400 2826 barbaros'
414 2752 617 2866 vnicuique
635 2750 687 2823 rei
707 2748 813 2823 suum
832 2744 1017 2837 Genium,
1056 2748 1197 2847 (Spirae

115 2876 181 2941 tum
191 2864 291 2941 fere
317 2836 531 2963 appellant)
557 2866 663 2939 {uum
694 2859 805 2937 ineffe
829 2857 977 2950 Deum,
1022 2862 1198 2956 credere3

117 2981 219 3079 quod
240 2979 332 3054 dum
346 2979 539 3072 facerent,
570 2974 820 3076 graaiffimum
845 2998 1008 3053 errorem
1038 2978 1196 3053 commi

116 3093 259 3183 serunt,
290 3116 376 3169 cunr
396 3094 456 3169 dei
475 3092 533 3168 vel
550 3092 696 3191 spiritus
712 3094 908 3167 notionem
931 3094 984 3193 irs·
1002 3087 1194 3173 affinxere.
1234 3123 1236 3128 ’

118 3211 269 3309 qualem
288 3206 354 3307 ipfi
381 3230 428 3283 ex
450 3206 585 3307 puerili
611 3206 861 3296 Institutione,
894 3218 1003 3278 etex
1030 3202 1195 3304 philoso-

117 3324 222 3421 phica
250 3336 315 3398 aut
338 3321 551 3419 theologica
580 3324 862 3420 praeceptione,
903 3319 1091 3397 mentibu's
1124 3321 1213 3395 cir-‘

118 3426 354 3515 eumferrent.
403 3434 538 3541 *Multa
561 3436 655 3512 adeo
668 3431 741 3541 vpro
761 3435 831 3510 'diis
859 3431 1121 3531 haberirulgo
1138 3432 1206 3518 illi,
1289 3425 1293 3436 ’

120 3544 240 3643 aiunt,
275 3574 389 3651 quae,
414 3564 455 3625 vt
469 3574 518 3625 ex
543 3548 706 3650 ipsorum
738 3549 1008 3635 narrationibus
1034 3547 1196 3645 intelligi

122 3664 257 3765 potestss
294 3668 453 3769 barbaris
474 3688 555 3745 cara
572 3678 717 3741 tantum
743 3662 829 3740 sunt
854 3664 954 3737 etin
985 3665 1107 3762 pretio
1130 3665 1196 3737 ha·

122 3781 211 3873 bita,
243 3794 283 3857 et
301 3778 452 3881 sepofita
471 3779 566 3872 festis
589 3778 842 3871 sollennibus;
879 3776 919 3871 in
946 3778 1083 3875 quibus
1109 3798 1197 3874 pro·
1293 3784 1296 3791 '

122 3894 185 3973 lata
210 3920 253 3973 ea
280 3918 321 3971 ac
347 3893 533 3997 proposrta
559 3884 757 4001 incondito
790 3892 952 3969 clamore
977 3902 1015 3966 et
1039 3888 1196 3965 exsulta·

92 4082 93 4143 q
124 4013 221 4089 tione
241 4008 541 4112 prosequuntur,
573 4006 710 4083 laetitia
734 4007 782 4083 ad
806 4004 1017 4088 vecordiam
1040 4002 1192 4098 abrepti
1233 4077 1236 4085 .

92 4120 172 4209 rita
193 4122 326 4231 paffim
342 4125 465 4203 audias
483 4125 529 4201 ab
556 4102 785 4201 A'mericanis
806 4101 988 4202 latrarem
1014 4116 1076 4195 seu
1100 4135 1196 4189 mar

687 4234 733 4314 A
751 4258 770 4331 5
1062 4229 1226 4350 tier-m«
1309 4229 1313 4237 “
