2992 4992
648 458 1127 527 zm·

251 468 309 557 88

235 621 382 739 'mutua
405 666 445 732 et
461 571 733 739 rubenitas.
790 648 996 736 Incendere
1009 648 1345 752 'dnirnosponaere

251 769 477 853 Latinorum·
498 783 535 847 et
550 769 721 845 aliorum
750 766 956 860 sociarunn
991 768 1091 844 inter
1115 788 1212 867 quoe
1229 770 1342 845 viue-

251 872 363 975 irant,
384 883 553 963 foenfflia
574 890 612 962 'et
631 883 769 973 studia,
796 904 884 961 cum
900 883 979 960 iura
996 880 1062 967 iibi
1079 884 1226 981 aequari
1239 904 1340 961 eum

178 1030 183 1037 ¹
249 988 433 1081 Romanis
455 1001 484 1079 ii
509 997 755 1101 postularentr
774 998 980 1077 *vndeorta
999 996 1097 1075 bella
1114 994 1342 1095 grauiffima,

91 1140 97 1157 ·
179 1198 184 1215 ,
251 1127 298 1194 et.
311 1114 433 1193 clades
449 1129 619 1194 mutuae:
641 1116 788 1216 quibus
805 1111 889 1191 finis
904 1112 1129 1214 pierumque
1146 1113 1195 1187 ita
1211 1114 1342 1211 impo-

232 1226 359 1321 iitur,
380 1294 386 1305 .
411 1242 452 1307 vt
478 1231 735 1307 internecione
765 1228 978 1305 delerentur
1003 1226 1112 1316 socii,
1156 1227 1339 1305 vastaren-

252 1354 315 1424 ne
338 1345 478 1447 oppida
493 1360 530 1422 et
549 1347 639 1444 agri.
698 1340 800 1422 Raro
818 1342 997 1431 Senatus,
1024 1366 1119 1443 quae
1138 1340 1338 1441 prudentia

251 1446 292 1537 at
318 1463 486 1559 aequites
508 1456 659 1535 suadere
681 1471 860 1557 potetate
878 1455 1054 1557 sequutus
1072 1456 1266 1557 est:.quod
1283 1456 1350 1533 se?

253 1572 330 1650 mel
355 1572 489 1649 fatiunt
517 1569 667 1649 Camilli
687 1574 848 1649 maxime
866 1569 1021 1675 consilio
1037 1569 1083 1647 V.
1105 1567 1146 1647 C.
1164 1592 1259 1669 417.
1282 1569 1337 1668 i).

132 1686 136 1694 “
251 1682 324 1765 Per
343 1687 471 1783 eadem
489 1701 658 1787 tempora
674 1684 1008 1776 euenissevidetur,
1040 1699 1082 1763 rt
1096 1700 1154 1763 tot
1169 1686 1337 1765 colonia.

252 1823 359 1889 rum,
389 1823 483 1902 quae
502 1824 570 1903 per
587 1799 728 1879 ltaliam
746 1802 917 1889 fuerants
934 1804 1005 1879 iam
1025 1800 1090 1879 sub
1109 1799 1337 1879 Punicorum

254 1911 445 1993 bellorum
466 1930 636 2017 tempora
650 1940 730 1991 non
748 1916 814 1993 nisr
833 1914 985 1995 nomina
1004 1926 1181 2017 extarent.
1215 1934 1217 1944 “
1243 1914 1336 2011 Non

255 2021 357 2107 enirn
383 2030 428 2107 ad
453 2056 538 2121 eos,
576 2056 671 2132 quos
689 2030 761 2108 suis
784 2032 930 2131 legibus
949 2054 1077 2131 parere
1094 2027 1262 2132 iussriiet,
1296 2034 1336 2107 in

254 2144 435 2245 obsequio
452 2146 714 2236 continendos,
733 2147 907 2247 sapientia
917 2146 1071 2223 Senatus
1080 2144 1242 2243 Romani
1257 2166 1337 2241 nte-

252 2256 348 2338 liora
370 2254 520 2338 consilia
550 2255 711 2362 reperire
735 2264 878 2361 potuit,
911 2284 1024 2361 quam
1044 2284 1138 2361 quae
1155 2258 1330 2337 or'nnibur

253 2372 319 2465 iis,
358 2374 423 2476 qui
448 2365 583 2477 magna
610 2378 763 2477 imperia
779 2376 1047 2464 condiderunt,
1078 2374 1249 2475 viurpare
1265 2374 1336 2451 soi·

253 2484 366 2567 l'en'ne
392 2485 484 2580 fuit,
519 2491 567 2565 ad
593 2510 688 2587 quae
712 2490 865 2587 quidem
884 2479 1129 2590 'excogitanda
1150 2486 1223 2567 nee
1242 2490 1336 2595 ¹adeo
1401 2484 1405 2532 ⁴

253 2626 390 2701 magna
424 2593 753 2700 ingenii'·i'011ertia
777 2626 872 2702 opus
895 2605 964 2694 eii,
1001 2618 1061 2694 vt,
1101 2628 1197 2705 quos
1221 2606 1259 2681 vi
1293 2612 1337 2683 ad

252 2729 357 2795 metu
381 2713 651 2816 oppreiserant,
690 2714 785 2792 stira
804 2718 854 2805 ob
873 2714 1033 2796 anriiianr
1050 2718 1258 2799 libertatern
1273 2731 1337 2796 aut

252 2832 304 2907 ob
320 2830 505 2907 seruitutis
522 2846 618 2907 onus‘
633 2832 779 2910 audium
795 2831 932 2909 incensi
946 2836 1144 2934 imperium
1162 2830 1338 2911 detrecta-

251 2959 401 3036 verant,
441 2968 521 3023 non
555 2959 771 3042 remanere
796 2968 861 3023 eos
890 2946 1078 3036 lenirent,
1109 2948 1155 3025 ad
1172 2950 1337 3049 aequitas

164 3050 172 3064 ’
219 3099 222 3106 ·
255 3072 334 3136 tem
359 3074 396 3136 et
416 3042 684 3144 hunianitatem
714 3061 866 3148 consilia
887 3076 1126 3153 reuocarent,
1158 3078 1218 3153 et,
1249 3088 1337 3143 eum

251 3172 287 3251 se
309 3176 405 3275 ipsos
430 3176 563 3276 eulpae
588 3175 755 3279 auiiores
777 3175 971 3283 habendos
988 3175 1057 3255 effe
1074 3177 1335 3273 meminiiient,

109 3360 113 3369 .
251 3290 298 3365 ad
324 3292 591 3389 ignoscendum
618 3285 732 3369 eiient
753 3290 899 3386 faciles3
928 3316 1059 3369 verum
1079 3307 1119 3370 vt
1136 3294 1174 3369 in
1198 3297 1335 3370 noxios

245 3421 316 3481 aut
337 3406 516 3507 suspeiios
533 3408 675 3507 poenis,
689 3411 732 3505 ac
748 3392 937 3506 suppliciis
954 3404 1154 3499 saeuirent,
1182 3408 1336 3485 iniurias

249 3531 391 3597 veteres
424 3523 535 3597 nouis
566 3523 716 3597 iniuriis.
735 3521 982 3599 cumularent„
1016 3548 1037 3579 ’-
1060 3520 1115 3599 Ita
1142 3522 1261 3599 statim
1285 3520 1333 3598 V.

252 3630 294 3711 C.
318 3658 406 3726 320·
431 3656 518 3710 cunr
536 3648 669 3732 quarto
692 3636 780 3711 inde
804 3658 904 3721 anno
923 3634 1083 3715 Fidenae
1100 3634 1144 3737 ad
1157 3632 1334 3729 Veientes

249 3746 480 3838 defecerant,
519 3748 622 3823 vitiis
649 3748 888 3829 Fidenatibus
909 3765 950 3826 et
968 3742 1193 3827 ¹Veientibus
1213 3756 1334 3853 oppu-

527 3868 533 3877 '
1221 3865 1333 3965 gnata

362 4035 1335 4134 fflfflfflnffiwfflmnssmfflfflumfflm

356 4128 1398 4220 1fnssenficrrirrniadeiertaRonrarnrrorrierriirrriredire,

362 4214 541 4306 wfflffim

304 4290 674 4412 i)nUnVffleud
