2992 4992
271 443 330 521 ιχ
663 427 955 503 &¹12

270 616 446 707 omnibus
471 620 547 745 sepe
564 622 802 717 ausoribus,
827 636 869 703 vt
883 624 1057 725 idipsum
1083 646 1154 724 pro
1172 620 1335 722 religioso

175 756 181 769 ’
270 741 374 821 cultu
397 740 575 831 habeant,
604 755 718 851 utque
737 741 877 832 eidem,
885 740 934 818 id
950 740 1054 841 quod
1072 743 1169 817 inter
1187 760 1257 814 nos
1280 737 1347 813 ha·

270 856 351 931 beri
369 834 480 945 solet,
519 878 659 933 numen
686 855 841 956 aliquod
872 843 1139 957 propositum
1128 878 1167 929 ιιι
1182 852 1339 930 illorum

84 964 85 967 ‘
207 1046 208 1051 ,
269 966 468 1053 hominum
483 994 613 1047 animis
623 968 692 1049 esse
707 972 887 1050 iudicent.
944 968 1046 1048 Hinc
1060 984 1184 1046 natam
1195 969 1340 1043 arbitra

270 1104 356 1160 mur
378 1087 634 1218 peruulgatam
660 1085 765 1163 illam
783 1088 1025 1202 opinionem,
1057 1098 1097 1162 vt
1120 1084 1263 1159 barbari
1286 1104 1341 1157 res

245 1198 487 1279 “inanimatas
504 1204 654 1304 quasuis
673 1198 740 1277 fibi
758 1201 909 1291 obuias,
943 1188 1060 1278 modo
1084 1192 1225 1275 iudicio
1247 1196 1343 1273 dele·

272 1312 345 1389 4444
361 1314 497 1393 nescias
515 1338 618 1415 quo,
657 1316 774 1394 modo
790 1316 943 1392 informi
966 1316 1083 1414 specie
1101 1314 1341 1411 adumbratas,

270 1427 385 1507 colera
397 1430 584 1519 (ficantur,
616 1400 998 1528 interdumtanquam
1014 1429 1127 1523 deum
1144 1424 1192 1506 Ο.
1214 1424 1300 1503 Μ.
1290 1449 1345 1500 nr·

270 1542 420 1619 terdum
445 1540 654 1621 Geniorum
680 1558 745 1619 aut
769 1542 1014 1623 Daemonum
1039 1544 1150 1633 loco,
1195 1564 1243 1619 ex
1271 1538 1345 1639 ipso

253 1656 365 1765 'adeo
381 1656 449 1733 iilo
466 1681 621 1757 genere,
649 1662 755 1735 cuius
779 1660 880 1738 nulla
904 1659 968 1735 nisi
1001 1681 1049 1735 ex
1074 1656 1248 1763 sansiiore
1281 1678 1347 1731 no·

214 1786 215 1791 ‘
269 1768 340 1848 stra
355 1772 544 1871 disciplina
564 1771 632 1849 esse
648 1774 794 1873 potest
784 1798 823 1849 ιιι
838 1774 1045 1854 hominum
1069 1775 1219 1849 animis
1213 1772 1342 1847 notio.

262 1874 331 1963 'Ita
347 1884 412 1962 sabi
431 1886 513 1986 ipsis
529 1884 656 1989 passim
671 1882 842 1965 illudunt
858 1876 1050 1974 homiues,
1088 1887 1178 1965 44444
1201 1902 1268 1985 per
1294 1909 1348 1960 re·
1400 1974 1403 1994 ι

264 2002 355 2077 ιιιιιι
376 2004 530 2079 nomina
554 2026 596 2079 ac
623 2004 826 2093 voeabula,
868 2007 1013 2105 quibus
1034 2003 1079 2079 ad
1109 2000 1349 2100 defignaudas
1400 2015 1405 2114 4

273 2136 333 2191 eas
353 2130 518 2205 vtantur,
550 2118 696 2195 fraude:
728 2141 891 2218 cumque
913 2118 1103 2196 barbari”
1080 2142 1106 2193 ιι
1132 2140 1202 2192 nec
1225 2116 1406 2192 cuitus

243 2228 393 2326 ‚diuini
417 2246 487 2309 net
511 2232 659 2309 diuinae
682 2246 833 2310 naturae
858 2236 1032 2311 notiones
1060 2231 1152 2307 vllas
1175 2213 1347 2316 habeant,
1403 2219 1411 2306 4

272 2350 368 2443 quae
380 2342 470 2423 vllo
486 2348 642 2425 niodo
619 2374 683 2436 ns,
712 2350 848 2448 quibus
864 2374 934 2427 nos
959 2351 1117 2436 vtimur,
1158 2337 1352 2421 bsbmulari
1408 2352 1412 2402 ῑ

271 2458 427 2559 possint,
458 2460 505 2535 de
521 2464 667 2536 istarum
689 2473 812 2538 tarne‘n
833 2468 1051 2551 notionum,
1078 2485 1125 2536 ex
1148 2461 1307 2535 nostris
1298 2483 1357 2534 rna

273 2576 394 2671 geniis
413 2573 459 2649 ad
476 2596 540 2649 eos
556 2575 831 2663 translatarum,
872 2574 998 2651 caussis
1021 2588 1059 2649 et
1085 2575 1236 2675 origine
1254 2576 1353 2650 inter
1412 2653 1413 2656 ,

271 2686 415 2763 seroces
433 2700 469 2761 et
489 2689 657 2796 barbaras
673 2701 824 2789 gentes,
853 2688 996 2763 infinita
1025 2688 1228 2789 disputatio
1252 2698 1355 2764 vete·

224 2824 227 2833 ·
272 2824 330 2877 res
348 2801 445 2877 inter
463 2816 500 2879 et
515 2777 739 2879 recentiores
756 2806 905 2903 agitata
911 2804 975 2878 444·
966 2807 1110 2903 ,atqui
1129 2802 1177 2879 de
1190 2795 1266 2879 44444
1281 2826 1356 2879 uo

272 2911 439 2991 tionibus
456 2918 579 3015 primo
608 2917 696 2993 loco
719 2917 924 2995 videndum
951 2862 1019 3009 444,
1060 2942 1107 2994 an
1132 2921 1171 2992 in
1197 2918 1353 3004 istoruin

270 3026 468 3107 hominurn
488 3032 619 3107 animis
636 3054 720 3107 vere
735 3030 820 3108 iliae
838 3022 932 3120 sint,
963 3046 1007 3109 44
1036 3031 1062 3110 si
1088 3031 1174 3121 sint,
1222 3032 1355 3131 quales

210 3224 215 3239 Γ
271 3140 351 3220 sint.
413 3145 507 3223 Sunt
524 3160 647 3223 autem
664 3129 808 3236 nullae
826 3169 915 3223 nec
940 3144 1010 3224 4444
1037 3144 1205 3247 possunt3
1244 3144 1359 3246 quod

208 3279 213 3289 ‘
271 3256 379 3359 facile
399 3261 601 3361 intelligat,
622 3264 687 3360 qui
685 3246 804 3359 apud
819 3260 993 3340 animnos
1005 3287 1047 3360 ea
1057 3275 1220 3365 reputet,
1238 3282 1351 3359 quae,

268 3386 472 3473 antequam
495 3380 667 3453 notiones
686 3371 771 3452 iliae
789 3379 930 3454 nostrae
947 3355 1070 3455 cultus
1081 3376 1206 3453 diuini
1221 3385 1278 3451 et
1279 3399 1354 3452 nu-

270 3488 382 3565 minis
400 3489 554 3565 alicuius
573 3490 634 3565 seu
653 3486 924 3590 metaphysicae
939 3492 999 3569 seu
1025 3516 1072 3568 ex
1096 3489 1259 3567 reuelata
1282 3475 1354 3567 do·

272 3600 384 3677 &rina
405 3602 531 3679 dutiae
553 3592 708 3681 insidere
731 3603 881 3710 possipt,
914 3607 977 3683 seu
994 3630 1098 3686 more
1120 3607 1182 3682 seu
1207 3600 1353 3681 institu-

272 3716 376 3792 tione
394 3718 524 3793 animis
541 3719 711 3797 instillata
729 3720 798 3797 esse
817 3713 986 3799 debeant.
1048 3719 1130 3797 Nec
1156 3742 1203 3795 ex
1222 3720 1352 3794 barba·

270 3830 320 3907 ris
337 3830 416 3907 illis
429 3830 571 3927 Africae
594 3849 632 3911 et
649 3832 858 3917 Americae.
890 3839 958 3935 qui
973 3836 1098 3934 gestu,
1129 3857 1217 3923 ore,
1247 3833 1352 3930 salta-

270 3946 399 4049 tione,
426 3942 587 4024 clamore
610 3951 824 4035 incondito,
841 3954 1076 4028 mirationem
1095 3948 1154 4024 vei
1169 3946 1352 4054 gaudium

269 4058 484 4157 declarant,
513 4062 623 4140 multi
645 4062 714 4140 esse
730 4062 897 4167 possunt,
911 4066 995 4164 ¹qui
1024 4063 1116 4138 vltra
1147 4063 1284 4163 rudem
1306 4084 1351 4169 ac

115 4281 124 4313 Ι
166 4174 170 4185 ’
207 4258 210 4265 ,
260 4150 431 4301 ‘ferocem
447 4174 759 4309 ιιιίιιιι4ιιιρ4ιιιιιι
779 4178 900 4257 aliud
895 4177 997 4279 quid
1022 4173 1148 4257 mente
1182 4192 1220 4257 44
1246 4164 1352 4273 cogi-

1202 4292 1347 4368 tatione
