2992 4992
185 772 191 797 2
271 712 334 777 tur
350 695 534 774 sollennia
548 697 588 773 in
604 695 748 797 templo
769 696 998 784 academico,
1028 695 1165 800 quibus
1184 705 1242 783 ut,
1281 693 1354 770 ve4

271 813 340 891 stra
356 813 504 910 praesen
508 816 570 897 tia,
603 808 819 890 ComitesS.
840 809 885 892 R.
907 810 935 908 I.
956 808 1200 897 sslustriffimi,
1231 804 1356 885 Com-

233 992 248 999 ..
271 928 488 1005 militones
478 932 738 1041 ingeniorum,
770 901 967 1017 natalium,
1008 924 1213 1002 studiorum
1234 923 1356 999 laude

272 1032 540 1149 probarunt,-
566 1040 816 1127 celebritatem
836 1040 972 1117 addere
986 1040 1128 1128 velius
1163 1037 1356 1115 humanis-
1371 1102 1375 1109 ,

272 1144 361 1231 sime
379 1180 565 1255 rogamus
625 1154 723 1233 Vota
742 1157 898 1257 publico
906 1159 1067 1234 nomine
1083 1152 1357 1254 persoluetsus-

250 1272 461 1371 cipietque
487 1269 660 1351 brabeuta
683 1272 893 1374 honorum,
930 1295 1026 1369 quos
1041 1268 1195 1348 Ordinis
1210 1268 1353 1346 medici

274 1382 527 1463 iuffuduobus
539 1386 753 1463 Candidatis
764 1384 1032 1485 probatissimis,
1046 1405 1352 1469 isaacocnuno,

272 1492 793 1599 Hanrburgens1‚quiidem
818 1500 1170 1598 orationem-gratiis
1196 1495 1354 1595 agendis

273 1608 445 1701 habebit,
499 1628 535 1690 et
563 1638 614 1689 ro.
645 1636 730 1689 cna.
759 1636 1002 1704 wacaaavn,
1055 1612 1351 1701 Hannouerano‚

147 1814 149 1818 ¹
273 1720 462 1825 impertiet
479 1720 549 1806 Vir
569 1724 943 1827 Experientisfimus,

146 1897 150 1906 ’
255 1920 263 1939 2
363 1865 589 1949 HENR
616 1866 751 1949 AVG
790 1866 1119 1954 WRISBERG
1175 1865 1226 1946 D.

262 2012 445 2087 ‘oratione
465 1963 624 2091 sollenni
641 2036 688 2091 ex
701 1993 907 2112 superiore
903 2013 992 2090 loco
1007 2013 1143 2090 habita
1202 2010 1355 2089 Merno-

237 2210 241 2222 .
274 2092 449 2202 rabitille
468 2152 528 2217 ea,
569 2152 663 2229 quae
691 2128 804 2205 fausta
829 2152 872 2205 ac
902 2128 1061 2205 secunda
1092 2152 1158 2227 per
1191 2127 1356 2225 superio·

159 2248 161 2255 ’
222 2342 226 2347 q
275 2262 357 2319 rem
375 2266 515 2319 annum
532 2242 739 2319 academiae
760 2246 1021 2345 contigerunt,
1061 2242 1185 2319 auitos
1211 2240 1409 2319 Biblio-

155 2424 156 2429 r
276 2353 406 2433 thecae
422 2358 649 2435 academicae
668 2379 850 2437 nouarum
867 2358 1014 2435 aedium
1028 2356 1228 2434 accessione
1247 2356 1354 2433 locu·
1408 2377 1409 2456 ᾗ

223 2474 234 2531 t
274 2467 356 2559 los,
388 2470 506 2547 aurias
526 2472 691 2547 eiusdem
710 2488 748 2548 et
762 2473 883 2549 Musei
899 2487 1007 2571 opes
1026 2474 1244 2549 muneribus
1259 2494 1409 2571 quo

133 2596 135 2601 ·
276 2606 352 2682 que
383 2587 492 2659 nouis
522 2608 607 2661 cunr
637 2585 795 2665 aliorum
825 2599 905 2661 turn
928 2589 998 2663 viri
1021 2576 1279 2665 immortaliter
1305 2585 1353 2661 de

276 2696 388 2773 nobis
412 2698 552 2785 meriti,
582 2694 737 2797 Georgii
760 2694 802 2775 L.
822 2695 861 2775 B.
883 2724 932 2775 na
956 2726 1074 2792 asca,
1106 2704 1210 2777 cuius
1226 2702 1351 2776 muni-

206 2886 209 2891 .
275 2808 462 2886 licentiam
479 2811 733 2891 admirabilem
747 2817 822 2890 iam
837 2813 977 2915 saepius
994 2815 1204 2918 praedicare
1229 2818 1270 2892 in
1291 2816 1351 2893 his

273 2922 536 3026 scriptionibus
555 2928 701 3029 obtigit.
869 2998 883 3026 ,¹
1408 2949 1409 2954 ‘

389 3122 535 3205 Interea
551 3148 639 3215 nos,
667 3129 805 3233 quibus
827 3129 1018 3232 praefandi
1041 3118 1178 3207 munus
1202 3120 1352 3230 impoli-

276 3250 358 3317 tum
378 3242 447 3329 est,
478 3242 687 3323 bonarum
709 3269 799 3344 pace
828 3246 942 3322 vestra
966 3245 1199 3322 absoluenrus
1226 3244 1351 3345 dispu-

275 3358 459 3432 tationem
473 3354 593 3456 nuper
611 3346 811 3436 institutam
829 3354 877 3435 de
891 3361 955 3449 iis,
987 3357 1085 3461 qu'ae'
1098 3362 1194 3437 inter
1209 3357 1350 3439 Roma·

88 3560 92 3577 Ι
275 3491 348 3547 nos
371 3484 408 3545 et
427 3467 744 3570 Carthaginienses
771 3473 878 3574 super
904 3485 1107 3553 mercatura
1132 3489 1171 3552 et
1193 3478 1351 3576 nauiga-

131 3667 141 3685 ἱ
272 3583 378 3658 tione
396 3582 546 3661 foedere
565 3586 666 3685 potia
689 3586 759 3666 else
780 3581 973 3688 legimus'

389 3780 448 3866 Ad
464 3784 602 3863 alterum
616 3787 884 3865 substiteramus
897 3776 1018 3889 foedus
1031 3784 1078 3862 V.
1090 3782 1131 3865 C.
1152 3794 1246 3886 406.
1265 3811 1350 3888 per·

275 3892 433 3979 cussum:
464 3898 554 3979 Xll.
582 3905 686 3979 annis
704 3916 788 3977 ante
815 3902 1016 3978 Alexandri
1037 3901 1083 3977 in'
1101 3900 1218 3979 Asiam
1239 3902 1349 3980 traie-

273 4012 383 4090 sium.
443 4011 586 4093 Etruria
601 4021 640 4093 in
659 4020 768 4093 aruris
787 4028 863 4101 erat
882 4016 955 4092 iam
969 4016 1056 4091 inde
1070 4016 1121 4091 ‘ab
1137 4016 1183 4095 V.
1196 4014 1236 4094 C.
1254 4008 1345 4113 398.¹
1408 4021 1409 4030 ’

274 4122 559 4228 Tarquinienses
577 4129 773 4239 aliquoties
797 4128 887 4208 caefi
906 4154 991 4237 curn
1017 4128 1178 4208 Faliscis:
1223 4124 1347 4208 Caeri·

271 4252 328 4319 tes
359 4266 508 4335 eorum,
556 4262 651 4346 quae
672 4242 747 4323 ausr
772 4246 905 4337 erana*
944 4257 1088 4324 mature
1116 4248 1347 4348 poenitentia

1234 4363 1342 4463 cepit
