2992 4992
379 512 429 542 .,
525 444 816 535 -Ρ
1157 456 1205 533 13

124 642 190 709 tes
237 626 287 705 ad
328 626 468 709 Genios
510 630 685 709 locorum
730 644 771 707 et
820 626 929 709 Deon
964 630 1075 712 oertie
1113 628 1211 711 looir

89 798 93 807 -
130 743 378 843 assignandos.
428 745 502 825 Alii
518 746 688 833 tandem,
720 769 833 845 quem
850 742 984 823 Larem
1000 746 1123 847 gentis
1144 768 1212 823 au·

131 860 217 935 tior
235 858 405 947 noluerat,
416 861 530 937 deum
545 863 706 961 patrium
722 860 859 942 latium
875 860 1086 953 coluerunt,
1097 860 1212 939 deum

131 1000 254 1061 vnum,
284 975 348 1051 sed
361 980 468 1073 gentis
486 977 577 1078 sarae,

191 1158 195 1163 .
250 1084 374 1180 Cum,
404 1114 425 1165 a
449 1089 698 1177 sollicitudine
720 1103 758 1165 et
780 1103 903 1180 metu,
933 1102 975 1167 vt
995 1086 1102 1189 supra
1115 1088 1211 1167 vidi·

130 1228 238 1292 mus,
274 1206 372 1281 inter
389 1197 553 1282 'terrores
571 1216 608 1279 et
626 1206 743 1279 minas
761 1218 849 1281 nato
870 1201 1118 1305 proficiscatur
1134 1203 1212 1281 sere

127 1321 256 1397 omnis
283 1319 524 1398 barbarorum
549 1317 682 1417 religio
689 1342 701 1412 3
737 1331 785 1394 et
808 1340 852 1395 ea
874 1318 1028 1417 quidem
1049 1317 1213 1395 instituta

126 1436 230 1509 inter
261 1432 434 1511 homines
463 1434 560 1542 serps
594 1448 631 1510 et
655 1435 853 1509 immanes:
892 1432 1097 1509 multorum
1121 1430 1212 1511 hinc

126 1548 365 1647 populorum
393 1552 485 1625 ritus
512 1548 701 1631 sacrorum·
724 1548 771 1624 ad
797 1548 979 1625 feritatem
994 1546 1031 1622 et
1047 1546 1210 1625 crudeli-

126 1676 312 1771 tatemlet
336 1661 439 1740 suill'e
466 1680 503 1741 et
530 1661 599 1741 esse
621 1660 846 1763 compofitos
864 1686 978 1740 nemo
993 1664 1209 1759 mirabitu13

125 1777 323 1853 seruantur
346 1780 446 1855 enim
469 1780 560 1855 ritus
584 1777 771 1855 sacrorum
796 1780 904 1879 patrii
918 1780 1028 1856 etiam
1046 1780 1085 1853 in
1101 1777 1212 1855 meli-

126 1916 218 1969 ores
244 1906 406 1987 aetaten
467 1892 588 1987 Quod
607 1893 787 1989 hugnanas
818 1895 979 1971 vistimas
1003 1890 1209 2003 maritarunt

125 2019 186 2083 tot
221 2007 378 2106 populi,
422 2007 537 2108 idque
568 2008 761 2107 religionis
792 2007 881 2084 loco
907 2008 1120 2111 habuerunt
1145 2019 1210 2084 aut

127 2118 221 2220 ipsa,
261 2136 327 2198 aut
348 2124 393 2211 ii,
427 2117 494 2222 'qui
519 2147 582 2199 eos
606 2122 743 2199 adiere*¹
776 2120 959 2199 sacrorum
978 2124 1070 2195 ritus
1089 2121 1213 2218 arguit

123 2237 168 2309 in
205 2234 281 2332 ipsa
303 2235 444 2313 feritate
475 2250 514 2309 et
547 2236 712 2309 barbarie
743 2248 882 2309 enatos.
929 2231 1093 2307 ‘Multo
1121 2254 1212 2309 vero

125 2348 265 2435 latius,
291 2360 329 2423 et
345 2348 444 2445 apud
461 2370 593 2423 omnes
608 2348 735 2444 vtique
755 2343 935 2445 populos,
963 2346 1099 2444 quibus
1114 2367 1211 2435 non-

127 2462 226 2555 dum
254 2461 389 2537 melior
418 2462 566 2571 diuinae
595 2460 854 2560 humanaeque
864 2459 1127 2568 philosophiae
1141 2458 1211 2539 lux

130 2573 283 2663 affulfit,
323 2576 489 2653 obtinuit
520 2600 560 2651 ea
591 2572 792 2674 persuasio,
827 2590 866 2650 vr
893 2598 1033 2652 numen
1055 2576 1211 2654 habere-

130 2704 197 2767 tur
216 2690 455 2779 iracundum,
487 2690 700 2779 morosum,
728 2689 1003 2779 truculentum,
1028 2691 1209 2783 vinditiae

105 2892 108 2899 Δ
131 2804 331 2905 cupidum,
370 2806 420 2882 ob
441 2805 566 2882 leuem
593 2805 783 2882 interdum
804 2805 950 2905 culpam
969 2804 1027 2882 vel
1042 2828 1209 2883 errorem
1240 2833 1244 2841 ·

134 2918 358 3011 calamitates
389 2942 431 2997 ac
461 2919 620 2997 miserias
652 2920 801 3019 publice
832 2913 1082 3020 priuatimque
1111 2918 1210 2996 inlli-

134 3034 271 3131 gendas
296 3057 490 3133 praeceps,
523 3035 623 3111 idem
652 3038 868 3114 muneribus
905 3058 947 3110 ac
977 3034 1075 3110 votis
1107 3031 1209 3108 nnn

136 3152 279 3225 exorari
299 3150 346 3233 *se
380 3152 542 3249 patien83
588 3163 711 3227 totum
744 3152 902 3227 omnino
926 3147 974 3224 ad
996 3146 1208 3237 hominum,

136 3264 306 3341 nondum
332 3264 410 3343 vilo
435 3264 630 3366 sapientiae
654 3288 697 3341 ac
721 3263 869 3361 airtutis
893 3260 1014 3337 studio
1039 3259 1210 3337 exculto-

136 3398 236 3467 mm,
278 3401 427 3455 morem
445 3378 701 3478 compositum.
751 3377 879 3457 'Haec
905 3373 1016 3454 semel
1049 3375 1209 3455 barbaris
1240 3438 1244 3443 .

135 3492 321 3569 mentibus
349 3490 515 3591 impressa
548 3496 680 3593 opinio
708 3515 752 3571 ac
777 3494 903 3581 notio,
941 3492 1052 3570 etiam
1076 3489 1122 3566 ad
1139 3515 1210 3568 nu·

139 3608 246 3685 ruinis
271 3604 321 3685 O'.
339 3604 392 3683 Μ.
420 3610 687 3706 cogitationem
713 3607 917 3685 miserrimo
944 3614 1068 3683 errore
1092 3619 1210 3683 trans·

139 3716 225 3812 lata,
275 3745 342 3822 per
379 3744 420 3799 ea
458 3744 611 3822 quoque
645 3736 815 3821 tempora
843 3722 1009 3810 dotauit,
1057 3720 1208 3819 quibus,

141 3836 300 3929 melioris
324 3837 396 3913 iarn
420 3835 672 3937 philosophiae
695 3837 781 3915 luce
804 3835 951 3924 diffusa,
981 3834 1146 3934 expolita
1161 3831 1209 3908 ad

143 3947 1208 4050 omnemhumanitatemhominumingeniapersuasronem

91 4036 94 4139 l
142 4059 233 4141 illam
253 4066 380 4141 diuina
392 4080 520 4142 natura
539 4054 743 4165 indignam,
761 4079 835 4165 qua
849 4068 971 4141 omnis
989 4063 1122 4139 melior
1145 4058 1206 4135 dei

92 4152 94 4207 ⁴
140 4179 424 4289 notiopollitur,
463 4181 631 4285 respuere
654 4193 692 4259 et
713 4179 911 4265 abhorrere
927 4170 1208 4306 flebuilieppm-
1277 4204 1282 4225 ·

1124 4307 1206 4373 tem
1273 4316 1279 4325 ·

92 4364 100 4534 l
167 4482 176 4491 .
