2992 4992
198 446 791 545 'mm
963 487 1198 579 ⁸1227·
1399 523 1400 550 ι

90 658 259 738 studiu'rn
287 607 488 757 cuiuspiam
516 600 640 761 aliqua
667 626 842 767 iudicatio
868 617 958 739 satia
982 626 1045 757 sit3
1062 606 1067 617 ι
1083 636 1170 745 dili.
1236 733 1242 743 ,
1379 713 1385 726 .

89 790 224 873 genter
255 774 443 851 cauebitur
465 786 501 849 et
518 772 630 863 illud,
667 799 715 851 ne
732 779 1016 867 commentatio,
1046 778 1169 857 alieno

90 889 217 965 Marte
244 888 465 975 elaborata,
489 889 597 966 nobis
623 891 774 966 obtrudi
798 915 818 967 a
846 895 1019 999 quopiam
1041 892 1165 990 possrt3
1229 878 1233 885 ⁸

92 1004 198 1102 quod
229 1027 279 1079 ne
308 1000 387 1089 fiat,
432 1024 510 1077 non
537 1000 652 1078 modo
681 1006 794 1083 vestra
823 1012 1002 1105 cariusque
1030 1004 1100 1082 side
1130 1018 1168 1084 et
1198 1060 1202 1069 ι

89 1116 242 1195 honesta
278 1115 406 1193 indole
445 1112 686 1204 confidimus,
734 1141 863 1212 verum
894 1120 1020 1213 multis
1048 1124 1172 1196 variis·

91 1254 165 1328 que
194 1231 280 1309 aliis
306 1232 373 1305 viis
401 1251 442 1305 ac
469 1226 608 1316 modis,
645 1227 847 1329 dequibus
871 1222 966 1309 inter
990 1255 1173 1330 nosson-

90 1358 249 1423 ventum
280 1344 348 1429 est,
388 1342 477 1420 dum
505 1338 724 1419 Professores
752 1367 881 1421 omnes
906 1366 949 1421 ac
973 1344 1108 1445 singuli
1134 1346 1170 1422 ei
1214 1337 1218 1346 ’

95 1462 141 1535 rei
171 1456 486 1555 inuigilabitnus,¹
512 1458 781 1555 prouidebitur.
843 1457 965 1560 Quod
993 1458 1169 1536 srtansen
1210 1521 1239 1541 ,.

95 1572 222 1650 fraude
247 1592 291 1655 ac
316 1571 406 1647 dolo
433 1571 532 1647 malo
560 1572 717 1649 alicuius
737 1562 967 1651 commissum
985 1572 1106 1663 suerit,
1130 1587 1173 1650 vt
1222 1569 1228 1581 ’

94 1688 300 1785 praemium
328 1686 359 1759 is
388 1709 465 1761 non
495 1683 576 1763 suae
610 1684 669 1761 sed
693 1686 834 1762 alienae
856 1666 1096 1799 ddsirinaeet
1114 1690 1170 1763 in·
1297 1723 1331 1796 ',

95 1804 190 1898 genii
218 1798 484 1898 consequatur„
514 1800 703 1898 externplo
729 1801 879 1900 publice
900 1802 1079 1900 flagitium
1097 1802 1174 1879 hoc
1204 1896 1215 1907 θ

95 1914 356 2012 proscribitor,
389 1914 472 1988 assis
502 1911 684 1987 litterariis
713 1914 874 2012 publicis
892 1916 1098 2013 euuigatot‚
1132 1929 1172 1994 et
1254 1962 1261 1972 ·
1334 1941 1338 1966 ⁸
1372 1932 1379 1939 “

98 2043 183 2119 nota
210 2029 332 2105 inusta
360 2018 501 2103 falsario
531 2026 690 2149 dedecus
714 2026 900 2111 summum
925 2028 1114 2127 infligitor.

207 2246 528 2340 Commentationi
568 2242 705 2323 visiriei
741 2227 965 2344 praemium,
1013 2257 1054 2320 vt
1082 2228 1176 2321 dixi.
1266 2328 1270 2333 .
1326 2262 1351 2283 w

101 2386 195 2454 nus,
221 2364 480 2443 'constitutum
497 2360 584 2471 esto
609 2382 783 2435 nummus
811 2381 941 2434 aureus
968 2354 1091 2443 XXV
1112 2382 1176 2435 au·

103 2501 246 2555 reorum
279 2477 497 2553 ducatorum
529 2473 673 2560 valore,
708 2472 886 2572 procusos
915 2471 1089 2550 adhunc
1118 2476 1175 2573 ip·

103 2589 175 2667 sum
207 2594 332 2681 usum,
380 2598 417 2666 et
437 2588 563 2693 ,Regis
600 2584 833 2685 augustissmi
871 2576 1035 2687 imagine,
1058 2584 1174 2664 efficta
1261 2632 1266 2644 ‚
1387 2566 1391 2574 ’

105 2704 301 2803 insignitus.
363 2702 563 2803 Quaternis
587 2703 711 2801 itaque
741 2701 998 2801 scriptionibus
1022 2700 1177 2779 viatici·
1266 2731 1269 2744 =

108 2816 168 2893 bus
193 2805 373 2919 quaterna
401 2817 561 2917 praemia
589 2815 741 2915 singulis
770 2818 875 2891 annis
908 2812 1192 2922 adiudicantor,'
1305 2813 1309 2823 '

98 2918 143 3003 'et
161 2931 214 3008 IV
239 2933 360 3024 Iunii,
399 2930 512 3030 Regis
542 2930 654 3006 nostri
682 2931 811 3006 natalis
841 2931 920 3020 die,
957 2933 1066 3007 nobis
1091 2953 1176 3005 vere
1269 2943 1272 2952 “
1306 2980 1314 2995 -

110 3042 258 3124 sossenni
297 3072 355 3125 ac‘
377 3047 487 3134 festo,
543 3043 811 3144 persoluuntor.
872 3038 1085 3120 lnffltuetur
1129 3064 1178 3117 ex
1297 3068 1321 3099 ’-

114 3157 221 3239 edisio
250 3161 426 3241 sollennis
456 3177 583 3237 coetus
612 3160 651 3235 in
678 3159 879 3235 Auditorio
900 3156 1089 3256 publico,x
1113 3152 1178 3231 seu
1286 3225 1289 3232 ,

113 3275 244 3373 templo
269 3254 521 3361 ¹Acadeinico,
565 3272 755 3371 praesente
781 3257 1024 3363 secretiore,
1079 3267 1196 3346 assus*
1266 3369 1271 3381 ι

115 3382 278 3467 sollennis
309 3391 417 3467 huius
447 3391 648 3464 arbitro-et
668 3384 919 3472 moderatore,
947 3377 1178 3459 etProsesso·

117 3518 190 3577 rum
217 3528 387 3603 corpore,
450 3498 676 3579 Praefabitur
704 3496 886 3573 nonnulla
915 3509 952 3573 et
976 3496 1040 3573 sub
1065 3494 1184 3573 finem·
1261 3582 1267 3594 „
1320 3585 1327 3599 ⁴

117 3608 329 3701 sollenninnt
358 3618 554 3715 subiunget
574 3638 593 3688 e
614 3610 783 3691 cathedra
800 3608 979 3702 Professor
1000 3611 1182 3711 eloquen-

120 3725 199 3817 tiae.
226 3730 453 3831 „academiae
495 3717 618 3806 orator
642 3740 694 3807 ,et
735 3729 946 3827 interpres3·
988 3727 1108 3805 edicet
1143 3738 1215 3801 et·
1263 3770 1273 3779 .
1333 3786 1338 3798 .

123 3846 317 3935 nuntiabit,
352 3868 461 3946 quae,
489 3858 525 3920 et
543 3843 678 3944 quibus
693 3843 814 3919 verbis
829 3839 1073 3941 praescriptis,
1101 3839 1192 3915 redae

125 3949 210 4031 ditae
232 3959 302 4035 fint
322 3961 579 4059 scriptiones„
602 3955 693 4057 quid
717 3954 764 4053 dp
787 3954 938 4061 singulis
963 3952 1183 4041 indicauerit

126 4058 240 4159 Ordo,
275 4075 322 4151 ad
348 4081 460 4174 quens
486 4095 549 4149 eae
567 4069 744 4171 spesient,
764 4083 858 4146 tum
880 4092 975 4169 quae
993 4070 1070 4159 eius
1090 4062 1184 4166 iudi·

126 4178 176 4255 010
217 4188 452 4287 praeferenda
496 4183 564 4263 esse
601 4186 767 4263 videatur
802 4185 953 4278 ceteris3
1000 4182 1184 4257 intereaa
1298 4220 1323 4274 ·.

415 4314 430 4329 “
726 4292 830 4376 122.
1025 4289 1183 4373 Deeano
