<?xml version="1.0" encoding="UTF-8"?>
<!DOCTYPE html PUBLIC "-//W3C//DTD XHTML 1.0 Transitional//EN"
    "http://www.w3.org/TR/xhtml1/DTD/xhtml1-transitional.dtd">
<html xmlns="http://www.w3.org/1999/xhtml" xml:lang="en" lang="en">
 <head>
  <title>
</title>
<meta http-equiv="Content-Type" content="text/html;charset=utf-8" />
  <meta name='ocr-system' content='tesseract 3.04.00' />
  <meta name='ocr-capabilities' content='ocr_page ocr_carea ocr_par ocr_line ocrx_word'/>
</head>
<body>
  <div class='ocr_page' id='page_1' title='image "./opvscvlaacademi02heyngoog_0027.png"; bbox 0 0 2992 4992; ppageno 0'>
   <div class='ocr_carea' id='block_1_1' title="bbox 89 471 987 597">
    <p class='ocr_par' dir='ltr' id='par_1_1' title="bbox 89 471 987 597">
     <span class='ocr_line' id='line_1_1' title="bbox 89 471 987 597; baseline -0.006 0"><span class='ocrx_word' id='word_1_1' title='bbox 89 484 156 505; x_wconf 73' lang='grc'><strong>’“</strong></span> <span class='ocrx_word' id='word_1_2' title='bbox 247 471 414 597; x_wconf 64' lang='grc' dir='ltr'><strong>’τι</strong></span> <span class='ocrx_word' id='word_1_3' title='bbox 628 490 987 592; x_wconf 75' lang='lat'><strong>-.-&#39;-</strong></span> 
     </span>
    </p>
   </div>
   <div class='ocr_carea' id='block_1_2' title="bbox 280 651 1384 1253">
    <p class='ocr_par' dir='ltr' id='par_1_2' title="bbox 280 651 1384 1253">
     <span class='ocr_line' id='line_1_2' title="bbox 423 651 1384 793; baseline 0.001 -25.085"><span class='ocrx_word' id='word_1_4' title='bbox 423 690 663 792; x_wconf 72' lang='lat' dir='ltr'><strong>relidam</strong></span> <span class='ocrx_word' id='word_1_5' title='bbox 689 689 739 765; x_wconf 87' lang='lat' dir='ltr'><strong>est</strong></span> <span class='ocrx_word' id='word_1_6' title='bbox 771 618 895 787; x_wconf 78' lang='lat' dir='ltr'><strong>passm</strong></span> <span class='ocrx_word' id='word_1_7' title='bbox 933 690 972 764; x_wconf 91' lang='grc' dir='ltr'><strong>ιιι</strong></span> <span class='ocrx_word' id='word_1_8' title='bbox 1003 651 1159 767; x_wconf 77' lang='lat' dir='ltr'><strong>nomine</strong></span> <span class='ocrx_word' id='word_1_9' title='bbox 1182 688 1242 781; x_wconf 91' lang='lat' dir='ltr'><strong>id,</strong></span> <span class='ocrx_word' id='word_1_10' title='bbox 1279 691 1384 793; x_wconf 91' lang='lat' dir='ltr'>quod</span> 
     </span>
     <span class='ocr_line' id='line_1_3' title="bbox 307 721 1382 906; baseline -0.001 -21.999"><span class='ocrx_word' id='word_1_11' title='bbox 307 721 346 885; x_wconf 70' lang='lat' dir='ltr'><strong>de</strong></span> <span class='ocrx_word' id='word_1_12' title='bbox 362 769 484 884; x_wconf 84' lang='lat' dir='ltr'>dnnri</span> <span class='ocrx_word' id='word_1_13' title='bbox 471 833 511 884; x_wconf 91' lang='grc' dir='ltr'><strong>ιιι</strong></span> <span class='ocrx_word' id='word_1_14' title='bbox 536 808 571 882; x_wconf 93' lang='lat' dir='ltr'><strong>se</strong></span> <span class='ocrx_word' id='word_1_15' title='bbox 596 783 679 906; x_wconf 89' lang='lat' dir='ltr'><strong>ipsrs</strong></span> <span class='ocrx_word' id='word_1_16' title='bbox 707 816 825 879; x_wconf 90' lang='lat' dir='ltr'><strong>nont</strong></span> <span class='ocrx_word' id='word_1_17' title='bbox 810 799 1018 879; x_wconf 88' lang='lat' dir='ltr'><strong>olerabant</strong></span> <span class='ocrx_word' id='word_1_18' title='bbox 1034 804 1250 882; x_wconf 80' lang='lat' dir='ltr'><strong>homines</strong></span> <span class='ocrx_word' id='word_1_19' title='bbox 1276 804 1382 884; x_wconf 81' lang='lat' dir='ltr'><strong>rideo</strong></span> 
     </span>
     <span class='ocr_line' id='line_1_4' title="bbox 280 900 1382 1047; baseline -0.001 -47"><span class='ocrx_word' id='word_1_20' title='bbox 280 906 283 915; x_wconf 54' lang='grc'><strong><em>’</em></strong></span> <span class='ocrx_word' id='word_1_21' title='bbox 307 900 458 1000; x_wconf 88' lang='lat' dir='ltr'>difficile</span> <span class='ocrx_word' id='word_1_22' title='bbox 485 922 534 999; x_wconf 89' lang='lat' dir='ltr'><strong>est</strong></span> <span class='ocrx_word' id='word_1_23' title='bbox 556 921 696 1047; x_wconf 85' lang='lat' dir='ltr'>sapere,</span> <span class='ocrx_word' id='word_1_24' title='bbox 726 916 791 992; x_wconf 89' lang='lat' dir='ltr'><strong>vbi</strong></span> <span class='ocrx_word' id='word_1_25' title='bbox 805 919 963 995; x_wconf 89' lang='lat' dir='ltr'><strong>maiores</strong></span> <span class='ocrx_word' id='word_1_26' title='bbox 978 918 1191 1017; x_wconf 84' lang='lat' dir='ltr'><strong>·,des1pnere</strong></span> <span class='ocrx_word' id='word_1_27' title='bbox 1221 933 1260 995; x_wconf 91' lang='lat' dir='ltr'><strong>et</strong></span> <span class='ocrx_word' id='word_1_28' title='bbox 1282 944 1382 999; x_wconf 88' lang='lat' dir='ltr'><strong>rece-</strong></span> 
     </span>
     <span class='ocr_line' id='line_1_5' title="bbox 308 1034 1381 1137; baseline -0.001 -23"><span class='ocrx_word' id='word_1_29' title='bbox 308 1038 394 1114; x_wconf 84' lang='lat' dir='ltr'>dere</span> <span class='ocrx_word' id='word_1_30' title='bbox 418 1036 512 1112; x_wconf 80' lang='lat' dir='ltr'><strong>ab&#39;&#39;</strong></span> <span class='ocrx_word' id='word_1_31' title='bbox 488 1062 553 1127; x_wconf 91' lang='lat' dir='ltr'><strong>ns,</strong></span> <span class='ocrx_word' id='word_1_32' title='bbox 592 1058 687 1137; x_wconf 85' lang='lat' dir='ltr'><strong>quae</strong></span> <span class='ocrx_word' id='word_1_33' title='bbox 715 1055 908 1133; x_wconf 86' lang='lat' dir='ltr'><strong>perperam</strong></span> <span class='ocrx_word' id='word_1_34' title='bbox 934 1058 953 1108; x_wconf 95' lang='lat' dir='ltr'><strong>a</strong></span> <span class='ocrx_word' id='word_1_35' title='bbox 975 1035 1141 1135; x_wconf 85' lang='lat' dir='ltr'><strong>patribus</strong></span> <span class='ocrx_word' id='word_1_36' title='bbox 1169 1034 1298 1113; x_wconf 86' lang='lat' dir='ltr'><strong>tradita</strong></span> <span class='ocrx_word' id='word_1_37' title='bbox 1324 1060 1381 1113; x_wconf 88' lang='lat' dir='ltr'><strong>ac·</strong></span> 
     </span>
     <span class='ocr_line' id='line_1_6' title="bbox 306 1153 900 1253; baseline -0.002 -25"><span class='ocrx_word' id='word_1_38' title='bbox 306 1153 483 1253; x_wconf 86' lang='lat' dir='ltr'><strong>cepimus.</strong></span> <span class='ocrx_word' id='word_1_39' title='bbox 895 1182 900 1190; x_wconf 93' lang='lat'>·</span> 
     </span>
    </p>
   </div>
   <div class='ocr_carea' id='block_1_3' title="bbox 188 1361 1415 2179">
    <p class='ocr_par' dir='ltr' id='par_1_3' title="bbox 188 1361 1380 2179">
     <span class='ocr_line' id='line_1_7' title="bbox 315 1361 1380 1483; baseline 0 -25"><span class='ocrx_word' id='word_1_40' title='bbox 315 1432 316 1436; x_wconf 19' lang='lat' dir='ltr'><strong>a</strong></span> <span class='ocrx_word' id='word_1_41' title='bbox 418 1379 451 1458; x_wconf 85' lang='lat' dir='ltr'>A</span> <span class='ocrx_word' id='word_1_42' title='bbox 477 1380 613 1483; x_wconf 88' lang='lat' dir='ltr'><strong>quibus</strong></span> <span class='ocrx_word' id='word_1_43' title='bbox 637 1377 788 1481; x_wconf 90' lang='lat' dir='ltr'><strong>populis</strong></span> <span class='ocrx_word' id='word_1_44' title='bbox 805 1378 923 1462; x_wconf 80' lang='lat' dir='ltr'><strong>semel</strong></span> <span class='ocrx_word' id='word_1_45' title='bbox 938 1379 1111 1479; x_wconf 77' lang='lat' dir='ltr'><strong>pluribus</strong></span> <span class='ocrx_word' id='word_1_46' title='bbox 1126 1361 1237 1456; x_wconf 70' lang='lat' dir='ltr'><strong>rebus</strong></span> <span class='ocrx_word' id='word_1_47' title='bbox 1253 1404 1297 1458; x_wconf 89' lang='lat' dir='ltr'><strong>ac</strong></span> <span class='ocrx_word' id='word_1_48' title='bbox 1316 1406 1380 1459; x_wconf 86' lang='lat' dir='ltr'><strong>na·</strong></span> 
     </span>
     <span class='ocr_line' id='line_1_8' title="bbox 302 1490 1377 1600; baseline -0.001 -27"><span class='ocrx_word' id='word_1_49' title='bbox 302 1500 408 1573; x_wconf 71' lang='lat' dir='ltr'><strong>‘turae</strong></span> <span class='ocrx_word' id='word_1_50' title='bbox 432 1498 596 1597; x_wconf 68' lang='lat' dir='ltr'><strong>pastibus</strong></span> <span class='ocrx_word' id='word_1_51' title='bbox 613 1505 658 1569; x_wconf 77' lang='lat' dir='ltr'><strong>‘er</strong></span> <span class='ocrx_word' id='word_1_52' title='bbox 687 1492 816 1569; x_wconf 87' lang='lat' dir='ltr'><strong>formis</strong></span> <span class='ocrx_word' id='word_1_53' title='bbox 840 1493 902 1569; x_wconf 89' lang='lat' dir='ltr'><strong>sua</strong></span> <span class='ocrx_word' id='word_1_54' title='bbox 930 1490 1024 1600; x_wconf 21' lang='lat' dir='ltr'><strong>esset·</strong></span> <span class='ocrx_word' id='word_1_55' title='bbox 1041 1490 1211 1593; x_wconf 76' lang='lat' dir='ltr'><strong>asignato</strong></span> <span class='ocrx_word' id='word_1_56' title='bbox 1236 1510 1377 1587; x_wconf 84' lang='lat' dir='ltr'><strong>natura,</strong></span> 
     </span>
     <span class='ocr_line' id='line_1_9' title="bbox 269 1608 1378 1710; baseline 0.001 -23"><span class='ocrx_word' id='word_1_57' title='bbox 269 1632 400 1710; x_wconf 54' lang='lat' dir='ltr'>0quae</span> <span class='ocrx_word' id='word_1_58' title='bbox 425 1632 484 1687; x_wconf 91' lang='lat' dir='ltr'><strong>eas</strong></span> <span class='ocrx_word' id='word_1_59' title='bbox 511 1609 708 1695; x_wconf 87' lang='lat' dir='ltr'>incoleret,</span> <span class='ocrx_word' id='word_1_60' title='bbox 746 1621 934 1701; x_wconf 88' lang='lat' dir='ltr'><strong>moueret,</strong></span> <span class='ocrx_word' id='word_1_61' title='bbox 965 1608 1061 1685; x_wconf 85' lang='lat' dir='ltr'><strong>sorte</strong></span> <span class='ocrx_word' id='word_1_62' title='bbox 1081 1611 1189 1685; x_wconf 89' lang='lat' dir='ltr'><strong>etiam</strong></span> <span class='ocrx_word' id='word_1_63' title='bbox 1209 1634 1378 1709; x_wconf 89' lang='lat' dir='ltr'><strong>procrea-</strong></span> 
     </span>
     <span class='ocr_line' id='line_1_10' title="bbox 304 1720 1376 1823; baseline 0.001 -22"><span class='ocrx_word' id='word_1_64' title='bbox 304 1739 364 1801; x_wconf 79' lang='lat' dir='ltr'><strong>ret</strong></span> <span class='ocrx_word' id='word_1_65' title='bbox 380 1746 422 1801; x_wconf 88' lang='lat' dir='ltr'><strong>ac</strong></span> <span class='ocrx_word' id='word_1_66' title='bbox 438 1722 606 1821; x_wconf 86' lang='lat' dir='ltr'>fingeret,</span> <span class='ocrx_word' id='word_1_67' title='bbox 621 1720 697 1798; x_wconf 90' lang='lat' dir='ltr'><strong>hoc</strong></span> <span class='ocrx_word' id='word_1_68' title='bbox 710 1722 772 1811; x_wconf 81' lang='lat' dir='ltr'><strong>est,</strong></span> <span class='ocrx_word' id='word_1_69' title='bbox 789 1724 922 1821; x_wconf 88' lang='lat' dir='ltr'><strong>genius</strong></span> <span class='ocrx_word' id='word_1_70' title='bbox 940 1722 1085 1823; x_wconf 88' lang='lat' dir='ltr'><strong>aliquis,</strong></span> <span class='ocrx_word' id='word_1_71' title='bbox 1105 1746 1218 1822; x_wconf 81' lang='lat' dir='ltr'>qnenr</span> <span class='ocrx_word' id='word_1_72' title='bbox 1236 1749 1304 1803; x_wconf 87' lang='lat' dir='ltr'><strong>nos</strong></span> <span class='ocrx_word' id='word_1_73' title='bbox 1323 1726 1376 1802; x_wconf 84' lang='grc' dir='ltr'><strong>ιο</strong></span> 
     </span>
     <span class='ocr_line' id='line_1_11' title="bbox 303 1836 1377 1957; baseline 0.002 -42"><span class='ocrx_word' id='word_1_74' title='bbox 303 1838 424 1917; x_wconf 82' lang='lat' dir='ltr'><strong>lenius</strong></span> <span class='ocrx_word' id='word_1_75' title='bbox 441 1836 646 1937; x_wconf 88' lang='lat' dir='ltr'><strong>appellare,</strong></span> <span class='ocrx_word' id='word_1_76' title='bbox 675 1836 736 1911; x_wconf 91' lang='lat' dir='ltr'><strong>seu</strong></span> <span class='ocrx_word' id='word_1_77' title='bbox 753 1836 862 1935; x_wconf 88' lang='lat' dir='ltr'><strong>deus:</strong></span> <span class='ocrx_word' id='word_1_78' title='bbox 880 1861 1009 1915; x_wconf 87' lang='lat' dir='ltr'><strong>eorum</strong></span> <span class='ocrx_word' id='word_1_79' title='bbox 1027 1840 1186 1957; x_wconf 51' lang='lat' dir='ltr'><strong>ingenim</strong></span> <span class='ocrx_word' id='word_1_80' title='bbox 1195 1839 1377 1938; x_wconf 84' lang='lat' dir='ltr'><strong>procliuia</strong></span> 
     </span>
     <span class='ocr_line' id='line_1_12' title="bbox 305 1928 1374 2083; baseline 0.004 -54"><span class='ocrx_word' id='word_1_81' title='bbox 305 1950 374 2029; x_wconf 85' lang='lat' dir='ltr'><strong>eise</strong></span> <span class='ocrx_word' id='word_1_82' title='bbox 403 1940 569 2031; x_wconf 85' lang='lat' dir='ltr'>crederes</span> <span class='ocrx_word' id='word_1_83' title='bbox 592 1952 638 2028; x_wconf 88' lang='lat' dir='ltr'><strong>ad</strong></span> <span class='ocrx_word' id='word_1_84' title='bbox 663 1974 742 2027; x_wconf 90' lang='lat' dir='ltr'><strong>eam</strong></span> <span class='ocrx_word' id='word_1_85' title='bbox 768 1928 1068 2051; x_wconf 70' lang='grc' dir='ltr'><strong>ιιειιιιιιιιοιιιτιιι,ι</strong></span> <span class='ocrx_word' id='word_1_86' title='bbox 1094 1965 1136 2027; x_wconf 83' lang='lat' dir='ltr'><strong>vt</strong></span> <span class='ocrx_word' id='word_1_87' title='bbox 1156 1952 1356 2083; x_wconf 85' lang='lat' dir='ltr'><strong>praeesse</strong></span> <span class='ocrx_word' id='word_1_88' title='bbox 1333 1976 1374 2034; x_wconf 80' lang='lat' dir='ltr'><strong>ns</strong></span> 
     </span>
     <span class='ocr_line' id='line_1_13' title="bbox 188 2065 1415 2179; baseline 0 -34"><span class='ocrx_word' id='word_1_89' title='bbox 188 2106 194 2119; x_wconf 86' lang='lat'>·</span> <span class='ocrx_word' id='word_1_90' title='bbox 303 2070 521 2145; x_wconf 88' lang='lat' dir='ltr'><strong>numinibus</strong></span> <span class='ocrx_word' id='word_1_91' title='bbox 553 2066 693 2143; x_wconf 84' lang='lat' dir='ltr'><strong>nunien</strong></span> <span class='ocrx_word' id='word_1_92' title='bbox 719 2065 894 2179; x_wconf 67' lang='lat' dir='ltr'><strong>aliquod,</strong></span> <span class='ocrx_word' id='word_1_93' title='bbox 940 2068 1090 2155; x_wconf 85' lang='lat' dir='ltr'>ordine,</span> <span class='ocrx_word' id='word_1_94' title='bbox 1129 2070 1166 2142; x_wconf 85' lang='lat' dir='ltr'><strong>vi</strong></span> <span class='ocrx_word' id='word_1_95' title='bbox 1190 2092 1232 2145; x_wconf 87' lang='lat' dir='ltr'><strong>ao</strong></span> <span class='ocrx_word' id='word_1_96' title='bbox 1254 2068 1415 2167; x_wconf 84' lang='lat' dir='ltr'>digni</span> 
     </span>
    </p>
   </div>
   <div class='ocr_carea' id='block_1_4' title="bbox 124 2166 1415 2305">
    <p class='ocr_par' dir='ltr' id='par_1_4' title="bbox 124 2166 1415 2305">
     <span class='ocr_line' id='line_1_14' title="bbox 124 2166 1415 2305; baseline 0 -46"><span class='ocrx_word' id='word_1_97' title='bbox 124 2214 136 2237; x_wconf 68' lang='lat'><strong><em>¹</em></strong></span> <span class='ocrx_word' id='word_1_98' title='bbox 229 2174 231 2177; x_wconf 62' lang='grc'><strong>’</strong></span> <span class='ocrx_word' id='word_1_99' title='bbox 303 2176 378 2259; x_wconf 82' lang='lat' dir='ltr'><strong>tate</strong></span> <span class='ocrx_word' id='word_1_100' title='bbox 411 2166 596 2284; x_wconf 70' lang='lat' dir='ltr'><strong>idperius&#39;,</strong></span> <span class='ocrx_word' id='word_1_101' title='bbox 626 2196 689 2257; x_wconf 90' lang='lat' dir='ltr'><strong>ant</strong></span> <span class='ocrx_word' id='word_1_102' title='bbox 718 2185 857 2256; x_wconf 87' lang='lat' dir='ltr'><strong>numen</strong></span> <span class='ocrx_word' id='word_1_103' title='bbox 884 2182 1038 2283; x_wconf 83' lang='lat' dir='ltr'>aliquod</span> <span class='ocrx_word' id='word_1_104' title='bbox 1060 2181 1264 2273; x_wconf 90' lang='lat' dir='ltr'><strong>summum,</strong></span> <span class='ocrx_word' id='word_1_105' title='bbox 1295 2186 1376 2283; x_wconf 89' lang='lat' dir='ltr'><strong>opi·</strong></span> <span class='ocrx_word' id='word_1_106' title='bbox 1409 2180 1415 2305; x_wconf 70' lang='grc'>1</span> 
     </span>
    </p>
   </div>
   <div class='ocr_carea' id='block_1_5' title="bbox 201 2294 1416 2741">
    <p class='ocr_par' dir='ltr' id='par_1_5' title="bbox 201 2294 1416 2741">
     <span class='ocr_line' id='line_1_15' title="bbox 303 2294 1374 2376; baseline 0 -3"><span class='ocrx_word' id='word_1_107' title='bbox 303 2313 487 2376; x_wconf 87' lang='lat' dir='ltr'><strong>narentur</strong></span> <span class='ocrx_word' id='word_1_108' title='bbox 548 2294 670 2375; x_wconf 85' lang='lat' dir='ltr'>Tarda</span> <span class='ocrx_word' id='word_1_109' title='bbox 693 2310 817 2371; x_wconf 87' lang='lat' dir='ltr'><strong>tamen</strong></span> <span class='ocrx_word' id='word_1_110' title='bbox 838 2296 912 2371; x_wconf 90' lang='lat' dir='ltr'><strong>est</strong></span> <span class='ocrx_word' id='word_1_111' title='bbox 905 2320 1017 2372; x_wconf 90' lang='lat' dir='ltr'><strong>mens</strong></span> <span class='ocrx_word' id='word_1_112' title='bbox 1036 2295 1196 2372; x_wconf 88' lang='lat' dir='ltr'><strong>humana</strong></span> <span class='ocrx_word' id='word_1_113' title='bbox 1214 2297 1260 2374; x_wconf 90' lang='lat' dir='ltr'><strong>ad</strong></span> <span class='ocrx_word' id='word_1_114' title='bbox 1280 2297 1374 2373; x_wconf 89' lang='lat' dir='ltr'><strong>hanc</strong></span> 
     </span>
     <span class='ocr_line' id='line_1_16' title="bbox 303 2410 1415 2545; baseline -0.002 -56"><span class='ocrx_word' id='word_1_115' title='bbox 303 2415 521 2545; x_wconf 84' lang='lat' dir='ltr'><strong>opinionem</strong></span> <span class='ocrx_word' id='word_1_116' title='bbox 540 2410 858 2511; x_wconf 74' lang='grc' dir='ltr'><strong>ιιιιριεὲιοιιιιιιιι,</strong></span> <span class='ocrx_word' id='word_1_117' title='bbox 889 2434 974 2488; x_wconf 92' lang='lat' dir='ltr'><strong>nec</strong></span> <span class='ocrx_word' id='word_1_118' title='bbox 996 2410 1102 2487; x_wconf 87' lang='lat' dir='ltr'><strong>facile</strong></span> <span class='ocrx_word' id='word_1_119' title='bbox 1124 2434 1169 2487; x_wconf 90' lang='lat' dir='ltr'><strong>eo</strong></span> <span class='ocrx_word' id='word_1_120' title='bbox 1195 2411 1415 2533; x_wconf 75' lang='lat' dir='ltr'><strong>processit,</strong></span> 
     </span>
     <span class='ocr_line' id='line_1_17' title="bbox 201 2524 1415 2625; baseline 0.003 -22"><span class='ocrx_word' id='word_1_121' title='bbox 201 2536 214 2603; x_wconf 89' lang='grc'><strong>“.</strong></span> <span class='ocrx_word' id='word_1_122' title='bbox 300 2526 401 2611; x_wconf 88' lang='lat' dir='ltr'><strong>nisr</strong></span> <span class='ocrx_word' id='word_1_123' title='bbox 391 2530 475 2601; x_wconf 85' lang='lat' dir='ltr'><strong>mir</strong></span> <span class='ocrx_word' id='word_1_124' title='bbox 448 2525 604 2601; x_wconf 90' lang='lat' dir='ltr'><strong>locrs</strong></span> <span class='ocrx_word' id='word_1_125' title='bbox 621 2548 662 2599; x_wconf 90' lang='lat' dir='ltr'><strong>ac</strong></span> <span class='ocrx_word' id='word_1_126' title='bbox 677 2525 850 2622; x_wconf 89' lang='lat' dir='ltr'><strong>populrs</strong></span> <span class='ocrx_word' id='word_1_127' title='bbox 885 2548 950 2621; x_wconf 88' lang='lat' dir='ltr'><strong>qur</strong></span> <span class='ocrx_word' id='word_1_128' title='bbox 964 2548 1077 2621; x_wconf 81' lang='lat' dir='ltr'><strong>regas</strong></span> <span class='ocrx_word' id='word_1_129' title='bbox 1109 2524 1249 2602; x_wconf 89' lang='lat' dir='ltr'><strong>multos</strong></span> <span class='ocrx_word' id='word_1_130' title='bbox 1267 2545 1415 2625; x_wconf 84' lang='lat' dir='ltr'><strong>regu</strong></span> 
     </span>
     <span class='ocr_line' id='line_1_18' title="bbox 303 2633 1416 2741; baseline 0.002 -26"><span class='ocrx_word' id='word_1_131' title='bbox 303 2638 409 2717; x_wconf 91' lang='lat' dir='ltr'><strong>loss</strong></span> <span class='ocrx_word' id='word_1_132' title='bbox 499 2638 632 2715; x_wconf 86' lang='lat' dir='ltr'><strong>ditioni</strong></span> <span class='ocrx_word' id='word_1_133' title='bbox 661 2636 842 2713; x_wconf 76' lang='lat' dir='ltr'><strong>subiesios</strong></span> <span class='ocrx_word' id='word_1_134' title='bbox 871 2634 1060 2724; x_wconf 85' lang='lat' dir='ltr'><strong>habentis,</strong></span> <span class='ocrx_word' id='word_1_135' title='bbox 1098 2641 1256 2739; x_wconf 88' lang='lat' dir='ltr'><strong>imperio</strong></span> <span class='ocrx_word' id='word_1_136' title='bbox 1273 2664 1375 2741; x_wconf 88' lang='lat' dir='ltr'><strong>pare·</strong></span> <span class='ocrx_word' id='word_1_137' title='bbox 1411 2633 1416 2716; x_wconf 84' lang='grc' dir='ltr'><strong>ι</strong></span> 
     </span>
    </p>
   </div>
   <div class='ocr_carea' id='block_1_6' title="bbox 170 2746 1377 2860">
    <p class='ocr_par' dir='ltr' id='par_1_6' title="bbox 170 2746 1377 2860">
     <span class='ocr_line' id='line_1_19' title="bbox 170 2746 1377 2860; baseline 0.002 -31"><span class='ocrx_word' id='word_1_138' title='bbox 170 2746 175 2753; x_wconf 69' lang='grc'><strong>’</strong></span> <span class='ocrx_word' id='word_1_139' title='bbox 280 2752 285 2761; x_wconf 83' lang='lat'><em>&#39;</em></span> <span class='ocrx_word' id='word_1_140' title='bbox 303 2768 410 2831; x_wconf 87' lang='lat' dir='ltr'><strong>rent</strong></span> <span class='ocrx_word' id='word_1_141' title='bbox 463 2750 511 2829; x_wconf 79' lang='grc' dir='ltr'><strong>Αι</strong></span> <span class='ocrx_word' id='word_1_142' title='bbox 496 2766 779 2851; x_wconf 83' lang='lat' dir='ltr'><strong>temperauere</strong></span> <span class='ocrx_word' id='word_1_143' title='bbox 786 2750 849 2826; x_wconf 92' lang='lat' dir='ltr'><strong>aln</strong></span> <span class='ocrx_word' id='word_1_144' title='bbox 869 2751 1027 2828; x_wconf 88' lang='lat' dir='ltr'>deorum</span> <span class='ocrx_word' id='word_1_145' title='bbox 1051 2768 1200 2830; x_wconf 77' lang='lat' dir='ltr'><strong>coetum</strong></span> <span class='ocrx_word' id='word_1_146' title='bbox 1216 2759 1254 2831; x_wconf 83' lang='lat' dir='ltr'><strong>&#39;et</strong></span> <span class='ocrx_word' id='word_1_147' title='bbox 1274 2757 1377 2860; x_wconf 80' lang='lat' dir='ltr'>ordi-</span> 
     </span>
    </p>
   </div>
   <div class='ocr_carea' id='block_1_7' title="bbox 209 2865 1378 3917">
    <p class='ocr_par' dir='ltr' id='par_1_7' title="bbox 209 2865 1378 3889">
     <span class='ocr_line' id='line_1_20' title="bbox 302 2865 1374 2966; baseline 0.002 -22"><span class='ocrx_word' id='word_1_148' title='bbox 302 2893 368 2944; x_wconf 91' lang='lat' dir='ltr'><strong>nes</strong></span> <span class='ocrx_word' id='word_1_149' title='bbox 392 2868 461 2945; x_wconf 89' lang='lat' dir='ltr'><strong>suis</strong></span> <span class='ocrx_word' id='word_1_150' title='bbox 483 2869 593 2944; x_wconf 87' lang='lat' dir='ltr'><strong>rebus</strong></span> <span class='ocrx_word' id='word_1_151' title='bbox 617 2866 798 2966; x_wconf 81' lang='lat' dir='ltr'><strong>publicis,</strong></span> <span class='ocrx_word' id='word_1_152' title='bbox 829 2865 908 2941; x_wconf 87' lang='lat' dir='ltr'><strong>aliis</strong></span> <span class='ocrx_word' id='word_1_153' title='bbox 926 2866 1030 2942; x_wconf 85' lang='lat' dir='ltr'><strong>aliter</strong></span> <span class='ocrx_word' id='word_1_154' title='bbox 1047 2868 1262 2945; x_wconf 84' lang='lat' dir='ltr'><strong>constitutis</strong></span> <span class='ocrx_word' id='word_1_155' title='bbox 1321 2868 1374 2946; x_wconf 81' lang='lat' dir='ltr'><strong>Vt</strong></span> 
     </span>
     <span class='ocr_line' id='line_1_21' title="bbox 237 2978 1376 3073; baseline 0.002 -14"><span class='ocrx_word' id='word_1_156' title='bbox 237 2994 239 2999; x_wconf 83' lang='lat'>&#39;</span> <span class='ocrx_word' id='word_1_157' title='bbox 301 3006 412 3072; x_wconf 87' lang='lat' dir='ltr'><strong>vero,</strong></span> <span class='ocrx_word' id='word_1_158' title='bbox 445 2983 619 3059; x_wconf 89' lang='lat' dir='ltr'><strong>omnibus</strong></span> <span class='ocrx_word' id='word_1_159' title='bbox 646 2978 820 3069; x_wconf 82' lang='lat' dir='ltr'><strong>exclusas,</strong></span> <span class='ocrx_word' id='word_1_160' title='bbox 845 3004 966 3073; x_wconf 83' lang='lat' dir='ltr'><strong>vnum</strong></span> <span class='ocrx_word' id='word_1_161' title='bbox 983 2995 1126 3059; x_wconf 87' lang='lat' dir='ltr'><strong>tantum</strong></span> <span class='ocrx_word' id='word_1_162' title='bbox 1145 3006 1283 3060; x_wconf 81' lang='lat' dir='ltr'><strong>numan</strong></span> <span class='ocrx_word' id='word_1_163' title='bbox 1306 2983 1376 3061; x_wconf 85' lang='lat' dir='ltr'><strong>eise</strong></span> 
     </span>
     <span class='ocr_line' id='line_1_22' title="bbox 275 3094 1378 3199; baseline 0 -24"><span class='ocrx_word' id='word_1_164' title='bbox 275 3098 367 3175; x_wconf 87' lang='lat' dir='ltr'><strong>‘srbi</strong></span> <span class='ocrx_word' id='word_1_165' title='bbox 400 3094 678 3199; x_wconf 78' lang='lat' dir='ltr'><strong>persuaderent:</strong></span> <span class='ocrx_word' id='word_1_166' title='bbox 725 3094 858 3172; x_wconf 89' lang='lat' dir='ltr'><strong>srnon</strong></span> <span class='ocrx_word' id='word_1_167' title='bbox 895 3095 1063 3196; x_wconf 89' lang='lat' dir='ltr'><strong>superbia</strong></span> <span class='ocrx_word' id='word_1_168' title='bbox 1084 3110 1134 3173; x_wconf 74' lang='lat' dir='ltr'><strong>&#39;et</strong></span> <span class='ocrx_word' id='word_1_169' title='bbox 1166 3103 1378 3198; x_wconf 38' lang='lat' dir='ltr'><strong>arrogantia·</strong></span> 
     </span>
     <span class='ocr_line' id='line_1_23' title="bbox 299 3201 1373 3315; baseline -0.001 -24"><span class='ocrx_word' id='word_1_170' title='bbox 299 3215 492 3315; x_wconf 89' lang='lat' dir='ltr'><strong>populari,</strong></span> <span class='ocrx_word' id='word_1_171' title='bbox 527 3235 600 3313; x_wconf 91' lang='lat' dir='ltr'><strong>qua</strong></span> <span class='ocrx_word' id='word_1_172' title='bbox 621 3210 727 3286; x_wconf 89' lang='lat' dir='ltr'><strong>sunm</strong></span> <span class='ocrx_word' id='word_1_173' title='bbox 745 3211 858 3287; x_wconf 85' lang='lat' dir='ltr'><strong>deum</strong></span> <span class='ocrx_word' id='word_1_174' title='bbox 875 3211 1078 3310; x_wconf 86' lang='lat' dir='ltr'><strong>indigetem</strong></span> <span class='ocrx_word' id='word_1_175' title='bbox 1098 3201 1273 3289; x_wconf 78' lang='lat' dir='ltr'><strong>omnibns</strong></span> <span class='ocrx_word' id='word_1_176' title='bbox 1291 3214 1373 3290; x_wconf 88' lang='lat' dir='ltr'><strong>aliis</strong></span> 
     </span>
     <span class='ocr_line' id='line_1_24' title="bbox 209 3315 1373 3429; baseline 0.001 -24"><span class='ocrx_word' id='word_1_177' title='bbox 209 3380 213 3390; x_wconf 82' lang='lat'><em>·</em></span> <span class='ocrx_word' id='word_1_178' title='bbox 299 3330 543 3429; x_wconf 85' lang='lat' dir='ltr'>praeferrent,</span> <span class='ocrx_word' id='word_1_179' title='bbox 592 3326 829 3425; x_wconf 87' lang='lat' dir='ltr'>eundemque</span> <span class='ocrx_word' id='word_1_180' title='bbox 842 3325 1066 3427; x_wconf 83' lang='lat' dir='ltr'><strong>alienigenis</strong></span> <span class='ocrx_word' id='word_1_181' title='bbox 1097 3327 1166 3403; x_wconf 92' lang='lat' dir='ltr'><strong>diis</strong></span> <span class='ocrx_word' id='word_1_182' title='bbox 1195 3315 1373 3427; x_wconf 83' lang='lat' dir='ltr'><strong>tanquam</strong></span> 
     </span>
     <span class='ocr_line' id='line_1_25' title="bbox 210 3440 1372 3542; baseline -0.001 -22"><span class='ocrx_word' id='word_1_183' title='bbox 210 3440 215 3449; x_wconf 73' lang='grc'><strong>“</strong></span> <span class='ocrx_word' id='word_1_184' title='bbox 278 3441 559 3520; x_wconf 82' lang='lat' dir='ltr'>inhonorem</span> <span class='ocrx_word' id='word_1_185' title='bbox 594 3464 637 3516; x_wconf 91' lang='lat' dir='ltr'><strong>ac</strong></span> <span class='ocrx_word' id='word_1_186' title='bbox 673 3440 765 3517; x_wconf 90' lang='lat' dir='ltr'><strong>locu</strong></span> <span class='ocrx_word' id='word_1_187' title='bbox 836 3440 901 3517; x_wconf 85' lang='lat' dir='ltr'><strong>sabi</strong></span> <span class='ocrx_word' id='word_1_188' title='bbox 938 3440 1104 3518; x_wconf 88' lang='lat' dir='ltr'><strong>debitum</strong></span> <span class='ocrx_word' id='word_1_189' title='bbox 1141 3440 1372 3542; x_wconf 89' lang='lat' dir='ltr'><strong>subrepenti-</strong></span> 
     </span>
     <span class='ocr_line' id='line_1_26' title="bbox 299 3467 1374 3745; baseline -0.001 -110"><span class='ocrx_word' id='word_1_190' title='bbox 299 3560 370 3635; x_wconf 88' lang='lat' dir='ltr'><strong>bus</strong></span> <span class='ocrx_word' id='word_1_191' title='bbox 397 3556 569 3639; x_wconf 79' lang='lat' dir='ltr'><strong>insestnm</strong></span> <span class='ocrx_word' id='word_1_192' title='bbox 592 3568 629 3633; x_wconf 91' lang='lat' dir='ltr'><strong>et</strong></span> <span class='ocrx_word' id='word_1_193' title='bbox 649 3556 687 3641; x_wconf 88' lang='lat' dir='ltr'><strong>in</strong></span> <span class='ocrx_word' id='word_1_194' title='bbox 704 3467 833 3745; x_wconf 43' lang='lat' dir='ltr'><strong>eofflm</strong></span> <span class='ocrx_word' id='word_1_195' title='bbox 851 3557 1008 3631; x_wconf 84' lang='lat' dir='ltr'><strong>exitium</strong></span> <span class='ocrx_word' id='word_1_196' title='bbox 1024 3558 1281 3633; x_wconf 86' lang='lat' dir='ltr'><strong>imminentem</strong></span> <span class='ocrx_word' id='word_1_197' title='bbox 1307 3561 1374 3633; x_wconf 83' lang='lat' dir='ltr'><strong>sia-</strong></span> 
     </span>
     <span class='ocr_line' id='line_1_27' title="bbox 300 3662 1373 3761; baseline 0 -13"><span class='ocrx_word' id='word_1_198' title='bbox 300 3685 466 3761; x_wconf 87' lang='lat' dir='ltr'><strong>tuerent,</strong></span> <span class='ocrx_word' id='word_1_199' title='bbox 513 3668 658 3748; x_wconf 75' lang='lat' dir='ltr'>addudi</span> <span class='ocrx_word' id='word_1_200' title='bbox 689 3685 793 3746; x_wconf 87' lang='lat' dir='ltr'><strong>erat</strong></span> <span class='ocrx_word' id='word_1_201' title='bbox 832 3668 1022 3746; x_wconf 87' lang='lat' dir='ltr'><strong>homines:</strong></span> <span class='ocrx_word' id='word_1_202' title='bbox 1065 3670 1126 3760; x_wconf 92' lang='lat' dir='ltr'><strong>id,</strong></span> <span class='ocrx_word' id='word_1_203' title='bbox 1172 3663 1238 3747; x_wconf 78' lang='lat' dir='ltr'><strong>diss</strong></span> <span class='ocrx_word' id='word_1_204' title='bbox 1274 3662 1373 3749; x_wconf 79' lang='lat' dir='ltr'>du&#39;ce</span> 
     </span>
     <span class='ocr_line' id='line_1_28' title="bbox 298 3778 1376 3917; baseline 0.001 -54"><span class='ocrx_word' id='word_1_205' title='bbox 298 3784 553 3917; x_wconf 85' lang='lat' dir='ltr'><strong>philosophia,</strong></span> <span class='ocrx_word' id='word_1_206' title='bbox 584 3784 644 3860; x_wconf 88' lang='lat' dir='ltr'><strong>seu</strong></span> <span class='ocrx_word' id='word_1_207' title='bbox 659 3784 819 3874; x_wconf 90' lang='lat' dir='ltr'><strong>reuelata</strong></span> <span class='ocrx_word' id='word_1_208' title='bbox 836 3784 898 3860; x_wconf 91' lang='lat' dir='ltr'><strong>seu</strong></span> <span class='ocrx_word' id='word_1_209' title='bbox 915 3783 1105 3861; x_wconf 89' lang='lat' dir='ltr'><strong>subtiliore</strong></span> <span class='ocrx_word' id='word_1_210' title='bbox 1121 3785 1262 3885; x_wconf 90' lang='lat' dir='ltr'><strong>aliqua,</strong></span> <span class='ocrx_word' id='word_1_211' title='bbox 1268 3778 1376 3864; x_wconf 75' lang='lat' dir='ltr'><strong>&#39;non</strong></span> 
     </span>
    </p>
   </div>
   <div class='ocr_carea' id='block_1_8' title="bbox 177 3884 1376 4001">
    <p class='ocr_par' dir='ltr' id='par_1_8' title="bbox 177 3884 1376 4001">
     <span class='ocr_line' id='line_1_29' title="bbox 177 3884 1376 4001; baseline -0.002 -23"><span class='ocrx_word' id='word_1_212' title='bbox 177 3884 187 3894; x_wconf 54' lang='lat'><strong>¹</strong></span> <span class='ocrx_word' id='word_1_213' title='bbox 216 3900 219 3905; x_wconf 82' lang='grc'><strong>’</strong></span> <span class='ocrx_word' id='word_1_214' title='bbox 299 3905 416 4001; x_wconf 84' lang='lat' dir='ltr'><strong>magis</strong></span> <span class='ocrx_word' id='word_1_215' title='bbox 445 3898 626 4001; x_wconf 76' lang='lat' dir='ltr'><strong>expedari</strong></span> <span class='ocrx_word' id='word_1_216' title='bbox 652 3903 797 4000; x_wconf 86' lang='lat' dir='ltr'><strong>potuit,</strong></span> <span class='ocrx_word' id='word_1_217' title='bbox 836 3922 947 3999; x_wconf 89' lang='lat' dir='ltr'><strong>quam</strong></span> <span class='ocrx_word' id='word_1_218' title='bbox 973 3913 1014 3975; x_wconf 89' lang='lat' dir='ltr'><strong>vt</strong></span> <span class='ocrx_word' id='word_1_219' title='bbox 1038 3899 1234 3978; x_wconf 75' lang='lat' dir='ltr'><strong>aiensibus</strong></span> <span class='ocrx_word' id='word_1_220' title='bbox 1254 3900 1326 3979; x_wconf 95' lang='lat' dir='ltr'><strong>ad</strong></span> <span class='ocrx_word' id='word_1_221' title='bbox 1316 3926 1376 3977; x_wconf 87' lang='grc' dir='ltr'><strong>ιιι-</strong></span> 
     </span>
    </p>
   </div>
   <div class='ocr_carea' id='block_1_9' title="bbox 219 4014 1375 4230">
    <p class='ocr_par' dir='ltr' id='par_1_9' title="bbox 219 4014 1375 4230">
     <span class='ocr_line' id='line_1_30' title="bbox 219 4014 1375 4117; baseline 0.001 -26"><span class='ocrx_word' id='word_1_222' title='bbox 219 4040 225 4049; x_wconf 90' lang='grc'><em>·</em></span> <span class='ocrx_word' id='word_1_223' title='bbox 297 4014 541 4116; x_wconf 85' lang='lat' dir='ltr'><strong>telligentianr</strong></span> <span class='ocrx_word' id='word_1_224' title='bbox 561 4029 596 4093; x_wconf 91' lang='lat' dir='ltr'><strong>et</strong></span> <span class='ocrx_word' id='word_1_225' title='bbox 612 4030 775 4093; x_wconf 81' lang='lat' dir='ltr'><strong>naent&#39;em</strong></span> <span class='ocrx_word' id='word_1_226' title='bbox 795 4038 936 4093; x_wconf 90' lang='lat' dir='ltr'><strong>numen</strong></span> <span class='ocrx_word' id='word_1_227' title='bbox 954 4029 1181 4117; x_wconf 83' lang='lat' dir='ltr'><strong>reuocapent</strong></span> <span class='ocrx_word' id='word_1_228' title='bbox 1241 4014 1375 4116; x_wconf 80' lang='lat' dir='ltr'><strong>Ita&#39;que</strong></span> 
     </span>
     <span class='ocr_line' id='line_1_31' title="bbox 299 4108 1374 4230; baseline -0.001 -21"><span class='ocrx_word' id='word_1_229' title='bbox 299 4132 339 4209; x_wconf 90' lang='lat' dir='ltr'><strong>in</strong></span> <span class='ocrx_word' id='word_1_230' title='bbox 365 4132 507 4209; x_wconf 91' lang='lat' dir='ltr'><strong>nostros</strong></span> <span class='ocrx_word' id='word_1_231' title='bbox 538 4108 744 4209; x_wconf 84' lang='lat' dir='ltr'><strong>Germands</strong></span> <span class='ocrx_word' id='word_1_232' title='bbox 771 4130 876 4230; x_wconf 82' lang='lat' dir='ltr'><strong>prisci</strong></span> <span class='ocrx_word' id='word_1_233' title='bbox 904 4130 987 4206; x_wconf 88' lang='lat' dir='ltr'><strong>aeui</strong></span> <span class='ocrx_word' id='word_1_234' title='bbox 1003 4130 1114 4204; x_wconf 86' lang='lat' dir='ltr'><strong>nimis</strong></span> <span class='ocrx_word' id='word_1_235' title='bbox 1132 4130 1374 4229; x_wconf 82' lang='lat' dir='ltr'><strong>indulgentes</strong></span> 
     </span>
    </p>
   </div>
   <div class='ocr_carea' id='block_1_10' title="bbox 158 4244 1375 4347">
    <p class='ocr_par' dir='ltr' id='par_1_10' title="bbox 158 4244 1375 4347">
     <span class='ocr_line' id='line_1_32' title="bbox 158 4244 1375 4347; baseline -0.001 -24"><span class='ocrx_word' id='word_1_236' title='bbox 158 4270 167 4295; x_wconf 82' lang='lat'><strong>·</strong></span> <span class='ocrx_word' id='word_1_237' title='bbox 256 4264 260 4271; x_wconf 84' lang='lat'><strong>·</strong></span> <span class='ocrx_word' id='word_1_238' title='bbox 300 4268 341 4323; x_wconf 91' lang='lat' dir='ltr'><strong>ac</strong></span> <span class='ocrx_word' id='word_1_239' title='bbox 367 4246 535 4327; x_wconf 86' lang='lat' dir='ltr'><strong>liberales</strong></span> <span class='ocrx_word' id='word_1_240' title='bbox 559 4244 628 4325; x_wconf 85' lang='lat' dir='ltr'><strong>esse</strong></span> <span class='ocrx_word' id='word_1_241' title='bbox 652 4246 849 4338; x_wconf 85' lang='lat' dir='ltr'><strong>videntur,</strong></span> <span class='ocrx_word' id='word_1_242' title='bbox 890 4245 957 4345; x_wconf 90' lang='lat' dir='ltr'><strong>qui</strong></span> <span class='ocrx_word' id='word_1_243' title='bbox 979 4244 1023 4321; x_wconf 87' lang='lat' dir='ltr'><strong>iis</strong></span> <span class='ocrx_word' id='word_1_244' title='bbox 1049 4245 1375 4347; x_wconf 84' lang='lat' dir='ltr'><strong>eanrreligionum</strong></span> 
     </span>
    </p>
   </div>
   <div class='ocr_carea' id='block_1_11' title="bbox 1121 4358 1377 4437">
    <p class='ocr_par' dir='ltr' id='par_1_11' title="bbox 1121 4358 1377 4437">
     <span class='ocr_line' id='line_1_33' title="bbox 1121 4358 1377 4437; baseline -0.008 0"><span class='ocrx_word' id='word_1_245' title='bbox 1121 4370 1136 4399; x_wconf 72' lang='lat'>³</span> <span class='ocrx_word' id='word_1_246' title='bbox 1233 4358 1377 4437; x_wconf 84' lang='lat' dir='ltr'><strong>subtili-</strong></span> 
     </span>
    </p>
   </div>
   <div class='ocr_carea' id='block_1_12' title="bbox 0 0 1500 4992">
    <p class='ocr_par' dir='ltr' id='par_1_12' title="bbox 0 0 1500 4992">
     <span class='ocr_line' id='line_1_34' title="bbox 0 0 1500 4992; baseline 0 2"><span class='ocrx_word' id='word_1_247' title='bbox 0 0 1500 4992; x_wconf 95' lang='lat' dir='ltr'><strong> </strong></span> 
     </span>
    </p>
   </div>
  </div>
 </body>
</html>
