2992 4992
505 428 792 515 a„
1110 434 1184 557 2„

88 633 181 725 tur.
263 640 432 722 Omnino
464 644 518 721 in.
536 646 588 720 iis·
604 643 736 736 bellis,
773 665 870 745 quae
895 662 983 723 eum
1008 640 1190 722 Romania

88 802 90 839 ι
114 760 215 859 gesta
240 755 341 845 sunt,
377 757 437 835 vel
461 756 639 837 Romanis
661 758 901 859 scriptoribus
919 758 1069 843 testibus
1084 757 1189 837 adai,

116 874 225 963 bitis,
240 870 367 949 Poenos
387 871 512 979 cauffo,
532 874 683 973 bonfilio,
695 873 767 975 fide
791 899 832 951 uc
855 872 1028 969 religione,
1037 875 1189 977 superio·

115 1015 187 1075 res,
203 1010 279 1077 nec,
295 988 362 1065 nili
379 988 546 1090 fortuna,
571 992 738 1092 inferiores
753 984 852 1091 stiffi
865 998 1025 1089 apparet
1083 984 1187 1067 Adeo

88 1114 90 1181 i
116 1126 184 1202 per
198 1097 347 1179 iniurias
366 1117 415 1195 et,
428 1102 637 1203 superbiam
656 1102 917 1182 Romanorum
937 1100 1122 1203 expetitae
1142 1102 1188 1177 ab

115 1219 158 1295 iis
176 1215 259 1293 lunt
275 1240 421 1316 poenae
443 1240 594 1308 eorum,
621 1240 717 1317 quae
733 1222 775 1293 in
791 1217 884 1294 alios
898 1215 1074 1317 populos,
1096 1236 1192 1315 quoa

114 1332 326 1409 dominatus
356 1334 554 1411 acerbitate
585 1344 831 1427 verauerant,
866 1325 1052 1409 commissa
1074 1328 1121 1405 ab
1147 1330 1191 1405 iis
1262 1422 1265 1428 ¹

112 1460 237 1539 erant3
264 1445 327 1525 etsr
351 1470 422 1524 nec
454 1447 590 1525 horum
613 1446 848 1555 populorum
873 1444 1042 1525 conditio
1056 1445 1096 1519 in
1112 1464 1193 1521 me·
1221 1513 1225 1522 .

111 1558 185 1639 lius
204 1560 255 1637 est
272 1574 427 1657 mutata;
456 1561 550 1639 nihil
571 1565 671 1639 enim
695 1559 760 1639 nist
783 1583 902 1639 nouas
929 1557 1190 1639 Romanorum

109 1676 379 1774 iniuriaspost
414 1692 554 1755 veteres
585 1676 667 1753 illas
685 1672 905 1755 ¹Poenorum
931 1674 1017 1752 suut
1045 1671 1190 1752 lucrati.

109 1790 291 1891 Ceterum
305 1814 372 1891 per
398 1793 525 1869 ultima
552 1791 643 1869 haec
669 1805 839 1893 tempora
864 1788 960 1868 nihil
984 1787 1031 1865 de
1053 1810 1193 1866 merca-

109 1916 196 1981 tura
215 1917 253 1980 et
267 1908 505 2005 nauigatione
524 1906 664 1995 atium,
694 1896 767 1985 rlec
789 1906 836 1983 de
855 1905 949 1983 fuito
976 1901 1105 2005 aliquo
1127 1902 1196 1980 ad·

107 2017 239 2095 versus
270 2018 417 2099 foedera
441 2022 684 2122 conquestum
711 2022 960 2100 meminimus.

229 2184 458 2277 Adorenrus,
502 2184 635 2275 Ciues,
678 2184 935 2263 venerabundi
961 2182 1125 2257 numinis
1143 2176 1194 2258 Ο.

105 2299 169 2379 Μ.
190 2302 409 2397 potentiam,
418 2300 549 2387 libere,
560 2298 622 2373 ted
633 2296 737 2375 'haud
755 2298 869 2374 dubie
885 2292 1045 2372 confiliis
1057 2294 1196 2397 sapien-

102 2410 259 2490 tiffimis
273 2412 450 2512 iustisque
461 2432 547 2489 com
565 2410 710 2501 caulhs,
744 2435 812 2513 per
828 2413 1069 2512 imperiorum
1087 2426 1124 2488 et
1141 2432 1199 2485 re·

106 2550 281 2626 gnorum
301 2526 374 2603 fata
389 2524 625 2627 graffantem
655 2541 691 2603 et
698 2550 768 2625 pro
780 2550 903 2603 rerum
919 2527 1195 2628 hominumque
1309 2551 1327 2578 ·

109 2644 259 2719 naturis
282 2640 328 2718 de
346 2665 476 2719 eorum
496 2629 581 2718 ortu
607 2652 644 2719 et
661 2642 793 2719 occasu
810 2642 1039 2719 statuentem.
1098 2641 1196 2721 Sane

112 2756 274 2855 quidem
298 2780 367 2834 nos
390 2758 499 2857 talpis
523 2760 707 2833 caeciores
732 2756 956 2835 homunculi
987 2758 1220 2841 arcelhnrutr

113 2868 256 2949 auulsas
282 2872 397 2947 modo
409 2872 455 2947 ab
474 2869 532 2950 his
548 2872 666 2948 modo
684 2872 729 2947 ab
740 2870 819 2947 alus
830 2873 971 2950 rebus
968 2894 1061 2950 nec
1075 2873 1195 2969 male;

112 2986 289 3064 uidemus
309 3000 433 3063 tamen
445 2985 574 3061 nsdem
591 2986 730 3061 artibus
732 2969 986 3085 ,corru'ptelin
999 2986 1145 3088 flagitiis
1158 3001 1199 3063 et

113 3098 346 3177 facinoribus
348 3102 509 3200 ‚quibus
528 3098 598 3175 alii
611 3098 724 3177 euersr
748 3101 906 3186 fuerant,
924 3099 1016 3175 alios
1032 3098 1197 3199 populos

116 3239 160 3291 ac
181 3236 289 3313 reges
318 3212 487 3301 creuilie,
505 3236 596 3315 opes
619 3216 850 3315 imperiaque
866 3208 1002 3313 paralio
1009 3236 1021 3304 3
1038 3213 1198 3292 aliorum

116 3352 214 3407 mox
230 3330 376 3405 iniuriis
403 3342 441 3407 et
464 3328 538 3427 ipsa
559 3330 718 3419 ruitura3
734 3317 736 3329 ’
751 3328 984 3431 temporibus
1011 3338 1050 3402 et
1079 3328 1198 3410 fortu-

116 3466 191 3521 nae
225 3445 353 3521 omnia
377 3442 530 3531 seruire,
586 3444 697 3518 etiam
729 3442 959 3541 sapientiam
982 3447 1199 3524 mortalium

117 3572 155 3636 et
185 3558 433 3659 prudentiam.
493 3556 567 3635 Ser.
587 3544 843 3657 Gottingaed.
861 3554 988 3637 XVll.
1008 3558 1196 3668 Septemb.

122 3670 430 3752 claloccuxxx
