2992 4992
539 388 826 500 Ε
1057 490 1062 501 .
1162 418 1218 525 '37

98 676 100 691 ·
145 620 332 702 eredidit?
380 610 615 723 camparto
638 623 754 701 animi
779 625 1058 716 necomitam,
1089 638 1128 704 et
1151 618 1216 706 sen

98 768 101 817 ε
144 740 318 837 eorporis
333 730 438 816 motu
461 738 738 816 vehementiore
757 737 819 815 seu
838 741 993 839 potione
1009 741 1217 819 inebriante

98 884 100 931 1
142 850 378 941 incalescens,
407 847 468 929 seu
484 854 617 931 morbo
636 852 883 940 inflammatas
899 854 1015 940 sutor,
1031 868 1220 935 nouarum

98 1036 99 1041 a
145 988 272 1043 rerum
290 964 435 1067 species
459 970 577 1043 menti
600 968 769 1045 obiiciat:
798 972 879 1045 non
894 968 1111 1046 mirabimur
1125 972 1219 1048 inci·
1297 1046 1303 1057 ,

144 1079 271 1159 dere
260 1104 298 1157 ιιι
323 1081 421 1157 hanc
439 1080 555 1181 ipsam
569 1083 788 1181 opinionem
809 1082 982 1159 homines
996 1082 1215 1177 nonnullos,

144 1208 187 1271 vt
199 1218 262 1283 ea
296 1219 391 1311 quae
411 1208 475 1272 aut
490 1194 555 1295 ipsr
569 1209 634 1274 aut
648 1194 709 1271 alii
727 1196 950 1293 cognoscere
967 1200 1132 1296 cupiant,
1159 1198 1218 1275 hir
1356 1229 1359 1240 ·

141 1311 286 1385 artibus
308 1280 528 1409 praesentire
542 1308 609 1387 fibi
633 1308 849 1400 videantur,
876 1323 991 1409 vtque
1008 1324 1133 1387 motus
1147 1308 1220 1388 hot

139 1426 262 1501 animi
290 1424 583 1503 vehementiores
611 1424 831 1525 potionibus
857 1420 1027 1501 Cassauae
1043 1424 1221 1503 aliorum·

140 1562 234 1639 que
251 1539 427 1615 vinorum
459 1552 535 1615 arte
568 1538 747 1616 fastorum
777 1536 845 1615 fibi
872 1536 1056 1617 arcessant
1135 1537 1219 1619 Hac

139 1650 296 1729 stulnna
326 1652 445 1731 fraudi
469 1653 669 1785 praestigiis
696 1652 864 1757 doloque
892 1652 994 1762 malo
1016 1666 1141 1786 parata
1165 1652 1218 1733 est

141 1768 214 1843 via
291 1764 337 1845 In
369 1767 581 1867 Mingreliis
617 1770 682 1845 vix
706 1766 810 1845 sensu
826 1755 1026 1845 communi
1058 1758 1221 1869 praediti

141 1860 262 1980 Papas
294 1903 419 1959 rerum
454 1884 625 1960 omnium
651 1884 887 1983 ignoratione
914 1882 1096 1959 notabiles
1119 1882 1216 1974 sunt,

138 2008 425 2095 praeterquam
447 1996 551 2098 quod
574 2010 690 2073 artem
712 1996 951 2097 praedicendi
967 1996 1092 2074 sutura
1104 1992 1220 2099 profi·
1270 2080 1273 2090 ,
1316 2000 1321 2013 ’

139 2123 270 2187 tentur
287 2105 473 2214 (Chorsia.
490 2110 561 2191 To
579 2108 608 2189 ι.
625 2134 660 2210 p.
675 2104 765 2211 69).
880 2158 884 2166 ·

122 2374 124 2383 v
258 2332 321 2415 Est
344 2326 495 2415 tandem
508 2309 622 2413 'loc'us
639 2336 926 2436 comparationis
942 2346 980 2412 et
995 2334 1093 2413 ιιιιιι
1112 2346 1150 2412 et
1161 2324 1221 2415 id·¹

136 2439 341 2529 crindusin
356 2454 436 2551 ipso
442 2448 634 2551 progressu
648 2446 743 2527 ritae
759 2462 797 2525 et
809 2452 1080 2549 opinionumin
1096 2450 1221 2529 diuer-
1248 2440 1252 2447 ’

137 2566 183 2643 fis
213 2551 365 2666 populis
382 2590 401 2641 a
419 2565 563 2643 feritate
584 2564 630 2641 ad
654 2566 800 2641 cultum
811 2564 1030 2657 meliorem,
1062 2568 1102 2641 in
1119 2566 1219 2644 mul-

139 2684 187 2757 tis
216 2680 396 2785 etiamad
411 2680 484 2779 ipsa
503 2678 813 2779 philosophorum
829 2678 984 2780 placita,
1013 2680 1140 2769 autad
1158 2704 1216 2757 ar·
1237 2706 1241 2713 ·

131 2796 237 2871 tium
260 2818 302 2873 ac
317 2793 548 2870 scientiarum
564 2794 747 2871 elementa
766 2784 808 2870 ac
821 2795 1010 2893 principia.
1062 2793 1216 2871 Saltatio

135 2909 319 2984 omnibus
345 2908 505 2995 barbaris
531 2910 741 3004 eommunis
766 2908 816 2985 est
839 2908 879 2981 in
901 2908 1058 2985 sestis-ac
1073 2908 1215 2984 sollen-

138 3024 252 3099 nibus
283 3028 405 3099 omnis
433 3026 579 3122 generis
616 3018 726 3099 etiam
742 3020 946 3119 religiosas.
1009 3020 1081 3097 ,Aa
1114 3018 1215 3119 apud

139 3133 306 3215 Graecos
332 3160 374 3213 ea
399 3124 550 3215 dedutia
574 3138 624 3213 est
647 3133 819 3213 ad'chori'
829 3158 1006 3211 numeros
1020 3157 1064 3209 ae·
1076 3132 1213 3212 modos

139 3248 344 3340 doctiores,
379 3250 467 3327 hinc
490 3252 550 3329 ad*
565 3250 713 3355 drama„
766 3248 841 3327 Res
865 3246 1057 3325 cariffimas
1080 3247 1214 3325 offerre

138 3365 181 3437 iis
210 3387 307 3465 quos
333 3364 478 3441 honore
495 3361 638 3441 afficere
657 3364 769 3453 velis,
796 3359 980 3462 plerisque
997 3362 1155 3465 barbaris
1171 3364 1213 3439 in
1262 3354 1266 3359 ’

137 3502 244 3556 more
280 3478 464 3556 habetur..
529 3475 703 3555 Proceffit
737 3476 825 3552 inde
842 3466 847 3540 Ῐ
859 3499 941 3552 mos
979 3474 1213 3577 populorum

138 3592 302 3669 adeundi
321 3616 363 3671 ac
384 3593 565 3669 salutandi
587 3616 692 3691 reges
708 3589 878 3691 virosque
891 3592 1097 3691 principes,
1130 3616 1213 3669 mu·
1252 3680 1256 3685 ἡ

139 3730 229 3785 nere
255 3706 405 3801 oblat03
442 3720 479 3783 et
508 3710 604 3783 inter
628 3704 792 3785 Graecos
820 3701 1006 3807 progressa
1023 3703 1112 3783 hinc
1127 3705 1212 3782 sunt

140 3822 295 3900 donaria
311 3822 379 3898 diis
393 3825 433 3899 in
451 3820 599 3921 templis
613 3818 826 3899 consecrari
837 3818 952 3904 solita.
1007 3816 1221 3902 Placan'dac.
1243 3884 1246 3889 Α

140 3938 308 4016 numinis
330 3937 423 4028 irae,
460 3932 663 4037 expiandae
692 3925 841 4035 culpae
884 3931 1082 4021 lustrandi,
1120 3954 1213 4007 con-

139 4049 325 4141 secrandi,
358 4050 591 4141 deuouendi,
627 4062 724 4150 quot
742 4053 854 4138 ritus,
893 4060 988 4146 quot
1010 4046 1212 4140 religiones

141 4174 254 4244 tetrae
283 4178 321 4245 et
353 4164 560 4255 horrendae
585 4167 682 4243 inter
705 4161 870 4354 {opelos
899 4182 986 4245 cnm
1010 4156 1111 4343 ιειοξ
1131 4171 1272 4345 ιιέιιι

776 4299 795 4368 3
1114 4294 1150 4343 ar
1178 4294 1198 4343 a
