2992 4992
111 693 344 812 rumde'eora,
360 691 423 774 feu
431 691 498 811 sna
513 674 699 796 quemque
657 624 841 781 nuru,
853 695 1012 793 ingenium
1031 705 1063 772 et
1076 693 1162 778 line·¹

108 835 175 894 rae,
171 786 647 903 ornanretoommendant3
665 805 840 918 Omnem·
830 832 992 908 inquam,
1003 824 1068 888 vos
1080 833 1161 910 pre

107 921 720 1022 ciburappellamurbumanillrmis,
722 921 1161 1021 vtpompamsollennem
1256 923 1261 934 ’

106 1033 658 1133 ducendumcomitariinqueea
671 1034 840 1116 incedere
854 1033 1160 1131 ipsiiustoordine
1256 1065 1259 1072 ·

103 1170 147 1223 ae
161 1148 265 1239 loco,
292 1150 523 1246 omninoque
540 1147 643 1224 lactis
657 1147 789 1238 nostris
811 1169 875 1226 ore
892 1148 1094 1246 animisque
1108 1148 1160 1227 fa·

104 1283 190 1336 vere
207 1254 339 1344 velitis,
371 1256 512 1339 bonaur
526 1257 762 1341 academicae
779 1260 919 1338 nostrae
937 1255 1173 1360 disciplinae,

103 1375 530 1472 bonorumquemorum
539 1372 906 1478 quibusvosiloretis,
915 1374 1160 1453 lamamnune
1281 1389 1286 1420 ³

97 1486 139 1561 in
170 1485 437 1564 documentum
457 1460 650 1563 addebam
671 1482 743 1564 effe
763 1472 1010 1578 arbitramini,
1059 1500 1096 1565 et
1118 1493 1159 1566 in

96 1619 215 1678 manu
230 1599 343 1678 vestra
359 1598 516 1730 pofitunr
538 1622 816 1700 paucorumque
833 1599 974 1678 dierum
992 1601 1160 1702 periculo
1181 1563 1200 1607 ⁴*

97 1711 365 1812 exploratum
354 1715 420 1802 rri,
463 1723 639 1811 quantam
670 1715 843 1792 iuuentus
868 1713 1072 1792 academica
1092 1737 1160 1792 no·

94 1823 165 1901 stra
188 1822 407 1911 modestiae,
443 1823 683 1903 verecundiae
707 1825 978 1915 ethonestatis,
1011 1827 1160 1906 laudem
1254 1921 1258 1938 Ι

92 1959 163 2038 per
189 1936 445 2044 Germrniam.
494 1948 532 2014 et
560 1935 920 2016 commendationem
959 1937 1005 2016 ad
1035 1939 1158 2018 futura
1215 1939 1230 2037 j
1275 1937 1280 1956 “

91 2067 266 2152 tempora
271 2026 512 2138 duraturam,
537 2048 703 2128 habitura
718 2046 770 2124 lin
829 2043 877 2131 Et
890 2049 996 2130 vobis
1012 2064 1157 2150 gratum

89 2164 378 2263 iucundumque
400 2165 470 2241 enit
489 2161 534 2241 ad
547 2157 839 2250 recordandum,
879 2176 916 2242 et
938 2162 1158 2245 adulterum

88 2277 194 2354 illud
215 2277 447 2378 solidumque
469 2272 510 2353 C.
532 2294 715 2354 annorum
730 2274 909 2353 saeculare
931 2275 1059 2354 festum
1079 2301 1157 2354 me-

88 2391 278 2470 morabile
302 2391 516 2490 habebitur,
557 2401 860 2490 proponeturque
887 2411 957 2488 pru
981 2391 1155 2490 exemplo
1292 2361 1296 2368 ,

87 2507 159 2596 iis,
209 2506 275 2604 qui
299 2520 379 2582 tum
405 2516 533 2592 eruut,
576 2500 808 2582 finarratum
833 2499 1057 2593 audiuerint,
1103 2503 1155 2594 id,

87 2617 202 2722 quod
217 2618 341 2706 instat,
367 2611 534 2700 sollenne
548 2615 835 2706 nostrumnullo
854 2612 991 2694 sinistro
1008 2639 1050 2693 ao
1066 2619 1178 2694 tristi
1314 2679 1317 2689 ,

87 2733 299 2830 cuiuspiam
320 2729 480 2808 fasto‘ac
502 2728 599 2807 dino
620 2723 689 2805 elle
706 2727 978 2830 interpellatum
996 2742 1059 2806 aut
1077 2729 1156 2808 foe·
1223 2726 1234 2826 ⁴*

87 2846 236 2922 datum
310 2841 481 2922 Omnino
513 2856 595 2920 turn
623 2841 740 2923 multu
764 2840 873 2918 buius
897 2841 989 2930 diei,
1039 2843 1156 2921 multa

87 2979 247 3066 eorum,
289 2960 354 3055 qui
380 2946 601 3034 celebrando
630 2957 664 3033 ei
693 2954 955 3046 interfuerunt,
990 2958 1059 3033 erit
1077 2981 1155 3032 me.

87 3073 233 3160 moria,
269 3068 378 3148 multi
401 3069 448 3148 de
467 3069 532 3160 iis,
581 3091 678 3168 quae
699 3090 802 3148 nnnc
826 3083 1000 3166 parantur
1023 3091 1066 3144 ac
1092 3069 1155 3146 de·
1202 3137 1208 3146 .

87 3185 301 3286 fignantur,
336 3181 537 3261 'sermones
565 3180 737 3258 serentur.
809 3179 867 3256 Ad
894 3180 1156 3259 commendan—
1282 3272 1285 3283 ¹

87 3300 178 3378 ianr
210 3299 323 3397 igitur
358 3297 572 3374 memoriam
601 3294 778 3380 nostram,
820 3305 858 3367 et
884 3290 930 3368 ad
956 3293 1156 3391 parandam

87 3417 125 3492 in
148 3406 322 3489 futurum
343 3419 489 3508 tempus
511 3404 711 3484 iucundam
730 3403 887 3481 vestrum
902 3403 1063 3503 ipsorum
1098 3429 1154 3483 re·
1222 3427 1227 3434 ·

87 3523 350 3605 tordatione'm
370 3521 480 3598 huius
501 3520 593 3606 diei,
628 3516 820 3616 prouidere
841 3540 910 3616 pro
929 3517 966 3594 le
982 3520 1151 3618 quisque,

87 3663 130 3718 re
161 3636 260 3738 quid
281 3636 501 3712 interueniat
522 3629 624 3733 quod
644 3627 740 3707 sacra
759 3631 890 3708 turbet.
949 3627 1047 3726 Date
1065 3654 1153 3732 ope.
1278 3725 1281 3740 1

87 3773 189 3838 ar‚m
236 3761 277 3825 vt
309 3745 442 3847 posteri
475 3767 544 3823 nos
574 3743 722 3820 fortuna
745 3743 864 3820 nostra
895 3745 946 3820 lta
975 3743 1055 3820 usos
1081 3743 1152 3822 elle

87 4001 149 4053 os
190 3972 258 4071 ipsr
293 3996 380 4050 cunr
412 3969 640 4048 exultatione
678 3969 787 4044 tacita
825 3971 1070 4067 pronuntieris
1109 3971 1150 4046 in
1289 3963 1291 3972 ’

90 4088 320 4166 odientium
340 4086 528 4164 coetibus:
564 4096 609 4190 et,
626 4101 696 4160 nos
717 4079 776 4158 bis
795 4077 1049 4158 sollemnibus
1037 4093 1150 4158 mter.
1239 4176 1275 4190 ΙΙ
1402 4107 1403 4118 ι

87 4197 247 4282 ulmus!
281 4212 320 4276 et
346 4220 434 4289 nos,
447 4210 499 4276 rt
515 4194 609 4274 sacra
624 4193 688 4274 illa
701 4191 905 4294 augustiora
921 4188 1049 4290 essent,
1077 4216 1148 4386 Ἥ
1402 4197 1403 4208 '

1049 4327 1104 4385 mr
1400 4323 1402 4378 ι
