2992 4992
190 441 318 581 ¹44
527 469 1260 545 ’ω

282 678 468 779 ¹notiones
493 697 619 752 earum
656 696 781 769 rerum
805 672 995 762 attuleris,
1041 693 1136 770 quae
1168 673 1371 762 etiamnum

270 782 391 877 'inter
410 791 599 893 populos
587 814 628 867 ιιι
647 788 756 865 simili
771 787 988 870 conditione
1010 787 1105 865 vitae
1132 791 1284 887 agentes
1306 811 1370 865 na-

147 962 187 993 .,
279 920 398 1007 tura,
416 907 489 1027 uita
511 912 549 981 et
573 902 660 1011 vlu,
681 905 864 982 obtinent

287 1109 291 1125 ‹
408 1065 547 1150 Cum
536 1097 577 1148 ιιι
605 1072 680 1149 hoc
702 1033 916 1185 scriptionis
937 1091 1093 1169 genere„
1134 1059 1371 1147 Commilito·

173 1274 176 1281 .
238 1178 245 1186 ⁵
295 1211 379 1277 nes,
411 1200 584 1293 nontam
615 1188 843 1287 requiratur,
878 1198 919 1259 vt
943 1184 1112 1264 subtilius
1139 1173 1295 1285 aliquod
1325 1205 1372 1261 ex

294 1302 496 1403 disciplinis
514 1278 752 1405 depromtum
771 1312 884 1400 caput
900 1312 1128 1413 exponatur,
1154 1322 1265 1420 quam
1283 1324 1371 1399 pro·

288 1416 457 1519 ·tpos1um
473 1414 559 1493 elle
585 1414 726 1494 debeat
758 1438 928 1511 acroama
953 1398 1126 1524 aliquod,
1152 1401 1289 1515 quod
1291 1436 1371 1489 non

211 1566 214 1573 Δ
238 1556 254 1631 ᾗ
293 1534 373 1608 fine
389 1530 545 1607 utilitate
560 1544 597 1607 et
613 1554 700 1606 cum
715 1508 908 1629 voluptate
925 1526 1073 1628 aliqua
1062 1552 1102 1603 1n
1128 1526 1206 1605 hoe
1236 1528 1371 1603 sollen-

157 1667 162 1684 ¹
246 1720 250 1731 ,
289 1648 405 1721 nium
425 1658 601 1745 apparatu
628 1644 705 1744 legi
727 1658 782 1721 et
791 1642 920 1728 audiri
936 1640 1061 1741 polltt:
1099 1666 1176 1719 non
1199 1625 1371 1727 iniucun-

292 1758 395 1838 dum
404 1760 558 1859 cognitu
580 1760 840 1858 argumentum
859 1757 1038 1856 deligere
1050 1750 1160 1835 nobis
1187 1757 1369 1851 videmur,

292 1876 323 1951 ιι
354 1872 909 1951 commemoremusnonnulla
937 1894 985 1947 ex
1009 1876 1082 1949 vita
1117 1861 1371 1973 antiquiorum

185 1988 188 2001 ’
296 1988 514 2077 hominum,
556 1986 732 2065 Graeciae
760 1991 941 2078 maxime,
979 1986 1078 2065 forte'
1099 2000 1136 2063 et
1159 1980 1302 2075 Italiae,
1350 2010 1371 2062 a
1416 2047 1417 2078 ,

240 2132 243 2140 ·
295 2104 429 2181 'nostris
449 2091 746 2205 opinionibuset
764 2104 935 2179 institutis
949 2102 1202 2192 abhorrentia,
1225 2102 1370 2201 ¹quibus
1415 2092 1417 2107 '

293 2228 421 2293 tamen
440 2217 509 2293 alia
526 2214 653 2315 hmilia
671 2219 811 2315 apponi
827 2214 998 2317 pollunt,
1014 2219 1117 2317 'quae
1135 2216 1261 2300 nollro
1276 2239 1371 2329 aeuo
1416 2241 1417 2246 ¹

292 2333 592 2433 peregrinatores
612 2354 680 2430 per
696 2331 854 2409 diuersas
870 2334 989 2419 othir,
1008 2354 1081 2431 qua
1099 2344 1218 2430 patet,
1243 2344 1374 2420 terras,
1416 2339 1417 2348 ’

102 2465 109 2474 ·
174 2516 176 2523 .
288 2446 344 2523 de
360 2447 528 2522 ferorum
545 2469 587 2521 ac
613 2447 872 2529 barbarorum,
908 2470 1004 2545 quos
1031 2448 1214 2535 adierant,
1232 2469 1371 2545 popu·
1418 2453 1419 2468 ¹

290 2561 423 2674 lorum
441 2561 513 2634 vita
532 2572 569 2634 et
594 2561 762 2637 moribus
786 2559 978 2636 tradidere.
1050 2558 1142 2652 Quo
1163 2559 1242 2659 ipso
1270 2558 1372 2635 etfl-

292 2674 385 2751 dem
418 2676 590 2773 antiquae
615 2673 784 2751 historiae
807 2654 950 2771 palhm
972 2670 1174 2765 adstruere,
1223 2687 1261 2752 et
1287 2674 1372 2751 loca

131 2752 162 2864 Δ.
295 2788 408 2887 script
409 2811 516 2867 orum
560 2788 745 2867 nonnulla
785 2786 994 2877 illustrare,
1058 2802 1095 2865 et
1133 2792 1372 2889 interponere

289 2903 487 2999 interdum
524 2901 652 2979 licebit
689 2926 750 2991 ea,
796 2926 906 3002 quae
938 2903 982 2978 ad
1029 2907 1203 2980 notiones
1244 2905 1373 3003 vulga-

295 3017 638 3094 res'emendandas
673 3017 868 3108 vtilitatem
897 3016 1031 3095 habere
1072 3013 1287 3118 poterunt,
1315 3022 1374 3094 in·
1418 3025 1419 3092 ὲ

291 3131 683 3235 -llillabiturquoque
718 3134 850 3212 animis
879 3133 1021 3224 vestris,
1068 3130 1372 3224 Commilitones,
1417 3173 1420 3244 ι

168 3300 170 3303 -
296 3246 418 3339 sensus
437 3260 562 3346 gratus
578 3260 615 3321 et
628 3245 826 3336 iucundus,
844 3248 1112 3347 reputantibus,
1144 3249 1373 3349 quambene
1418 3255 1419 3304 ³

293 3362 496 3438 'nobiseum
512 3360 631 3437 adum
652 3359 717 3450 ht,
735 3384 913 3461 quorum
929 3363 1062 3439 vitain
1081 3363 1172 3440 haec
1202 3373 1373 3463 tempora

295 3476 350 3551 est
364 3475 504 3564 delata,
532 3476 722 3573 quibusin
739 3474 814 3554 hoc
836 3478 958 3567 cae10,
984 3481 1023 3555 in
1050 3478 1107 3554 his
1131 3478 1225 3555 locis
1250 3481 1372 3577 gigni,

299 3591 434 3667 nutriri
451 3603 487 3664 et
505 3588 640 3664 institui
659 3593 837 3699 contigit,
868 3596 906 3669 in
925 3596 1060 3694 quibus
1080 3618 1204 3671 earum
1230 3617 1369 3684 rerum·

299 3728 395 3805 quae
418 3704 462 3779 ad
486 3702 690 3780 humanam
720 3722 888 3784 naturam
910 3710 1112 3785 ornandam
1136 3723 1173 3784 et
1198 3707 1373 3807 locuple-

186 3834 189 3839 ’
292 3820 459 3895 tendam
466 3820 811 3917 comparataelunt,
831 3822 1115 3924 summacopia,
1145 3824 1375 3937 summaop-

293 3935 503 4043 portunitas
520 3934 569 4009 est
583 3936 779 4035 propofita
863 3975 866 3979 Δ
933 3937 938 3954 ‘
991 3971 993 3977 v

410 4098 623 4203 Antequam
655 4116 780 4183 tamen
802 4106 848 4183 ad
872 4106 969 4183 hanc
991 4103 1187 4192 differendi
1214 4109 1374 4208 prouin-

297 4215 392 4297 ciam
407 4218 633 4337 ιιιειιιιιιιιι,
664 4222 771 4299 cuius
787 4219 902 4299 caulla
918 4247 958 4299 ea
973 4247 994 4301 a
1009 4224 1119 4302 nobis
1133 4221 1298 4323 suscepta
1312 4222 1372 4314 fit,

1032 4362 1033 4367 ‘
1116 4404 1122 4423 .
1244 4362 1374 4441 pomo
