2992 4992
126 630 198 710 sed
232 628 451 707 et-aliornnr
474 629 719 727 antiquorum
740 630 1063 731 interpretationes
1088 634 1213 739 sequi.

130 770 247 834 mur,
275 747 407 821 tutiore
424 765 496 819 nos
510 745 570 818 via
582 742 757 821 incedere
775 745 1005 843 putabimut3
1032 772 1119 828 narn
1134 755 1210 845 iam

130 885 157 935 a
173 857 325 934 Platone
340 858 447 946 inde,
472 869 554 932 tum
572 854 695 935 multo
711 856 867 957 mag'isa
896 858 1028 939 Stoicis
1052 864 1211 969 aliisque

131 969 387 1075 philosophis,
431 969 592 1070 plurima
619 968 870 1071 Pythagorae,
914 970 1092 1053 Heracliti
1117 980 1211 1061 atio.

136 1110 292 1187 rumque
320 1088 457 1187 placita
475 1082 592 1159 exsui
606 1083 740 1161 saeculi
765 1088 984 1166 notionibus
1015 1080 1209 1191 perperam

135 1198 203 1279 else
239 1200 486 1299 interpolata,
514 1194 665 1273 ‘multis
696 1200 876 1298 exemplis
901 1202 1132 1281 manifestum
1155 1204 1208 1293 fit.

128 1314 202 1393 Etsi
227 1317 346 1413 igitur
366 1312 465 1389 haud
495 1309 628 1399 dubie,
665 1310 798 1413 siquis
828 1314 959 1392 induat
980 1318 1059 1394 eius
1081 1324 1209 1401 aetatis
1282 1356 1286 1363 ·

120 1453 257 1507 mores
287 1443 325 1503 et
352 1429 590 1527 ingeniorum
612 1425 803 1511 habiturn.
833 1428 1115 1534 sermonemque
1137 1438 1211 1516 rite

120 1556 255 1621 teneat
278 1542 385 1619 illum
403 1542 619 1641 antiquum,
649 1541 768 1619 multa
787 1542 962 1622 declarari
980 1545 1130 1647 possunt
1146 1574 1208 1631 ac·

121 1661 294 1735 curatius
316 1672 355 1733 et
381 1657 561 1732 declarata
579 1656 665 1733 sunt
685 1680 705 1732 a
725 1658 811 1733 viris
826 1658 943 1736 dubis
961 1684 1047 1739 cum
1062 1664 1108 1739 ab
1124 1664 1207 1745 aliia

121 1786 212 1849 tum
236 1794 356 1871 nuper
373 1765 844 1869 avirtspraestantissimis;
881 1775 921 1851 in
944 1774 1133 1881 plerisque
1152 1794 1207 1857 ta.

121 1911 219 1963 men
236 1885 411 1963 hariolari
430 1908 499 1962 nos
515 1885 656 1972 verius,
683 1885 937 1965 conietlorum
951 1914 1073 1979 more,
1091 1915 1208 1993 quana

120 2002 363 2101 interpretari
379 1996 632 2077 vetustilsrmos
648 1996 823 2075 Graeciae
840 1999 1094 2102 philosophos,
1116 2006 1209 2082 fate.

93 2161 101 2169 ·
121 2118 271 2191 bimur:
303 2136 425 2215 neque
444 2114 550 2189 aliter
571 2114 614 2189 in
634 2110 826 2195 Heraclito
845 2138 926 2189 rem
947 2114 983 2191 se
998 2116 1134 2193 habere
1152 2142 1208 2195 ar-

122 2231 258 2307 bitrati
276 2229 388 2305 licet-

245 2446 399 2530 Dislum
426 2449 525 2527 eninr
547 2448 642 2529 illud
667 2446 901 2531 reanimatus
920 2454 1030 2557 steca.
1058 2452 1208 2559 fiquod

120 2566 251 2656 aliud,
294 2567 616 2665 interpretationes
642 2568 804 2645 admittit
824 2566 968 2669 plures:
1011 2573 1115 2671 quod
1144 2573 1205 2651 vel

120 2682 294 2763 Musunii
322 2678 497 2781 exemplo
521 2680 753 2781 intelligitur.
827 2678 924 2761 Cum
953 2689 1067 2763 animi
1089 2688 1206 2767 nostri

109 2800 368 2903 ‘instrumenta
392 2796 457 2885 iis,
503 2818 599 2894 quae
615 2820 636 2871 a
652 2799 738 2873 cibo
758 2810 927 2897 potuque
950 2799 1203 2891 secernuntur,

123 2910 424 2990 exhalationibus
441 2909 644 3009 plurimum
663 2921 700 2987 et
714 2913 796 2987 acui
814 2928 851 2987 et
865 2916 1047 3003 obtundi,
1078 2912 1207 3015 libras·

123 3050 201 3127 que
234 3026 373 3102 cerebri
400 3023 556 3101 intensas
593 3025 679 3101 inde
711 3024 771 3101 vel
800 3024 1031 3103 laxatas‘aut
1054 3025 1205 3101 diuersae

121 3144 255 3239 vtique
279 3140 401 3216 modis
424 3136 595 3238 impulsas
617 3142 713 3215 varie
732 3152 898 3216 mentem
914 3138 1028 3236 ipsam
1048 3134 1205 3229 afficere,

123 3255 235 3331 facile
251 3246 506 3353 unusquisque
522 3254 670 3346 sentiat3
701 3253 946 3352 inprimisque
964 3252 1052 3328 vino
1067 3244 1218 3351 largius.

123 3370 256 3447 hausto
275 3371 454 3467 vaporum
471 3367 727 3473 adncerebrum
742 3365 776 3441 se
792 3364 1056 3451 infinuantiunr
1071 3369 1125 3443 vis
1142 3391 1207 3446 co·
1231 3429 1241 3446 ,

124 3483 273 3584 girandi
293 3482 604 3582 intelligendique
634 3480 845 3557 facultatem
876 3480 997 3558 modo
1024 3482 1205 3573 intendat,

125 3598 247 3676 modo
281 3596 467 3703 obtundat
502 3609 540 3673 et
571 3594 743 3671 offuscet:
789 3596 1207 3679 accommodatiffinntm

128 3712 212 3789 sane
240 3710 382 3789 adhoc
413 3708 648 3807 obseruatum
674 3709 790 3784 videri
818 3704 930 3787 debet
953 3699 1207 3789 Heracliteum

126 3828 244 3904 illud:
269 3830 426 3902 <animam
442 3828 564 3928 stacam
588 3820 645 3927 effa
654 3822 919 3927 sapiautiffimam
932 3814 947 3913 ,’
968 3848 1082 3925 quam
1096 3821 1207 3899 mini·

125 3966 236 4021 mum
263 3939 401 4016 scilicet
423 3938 597 4016 infestatis
621 3942 705 4021 eiua
727 3938 919 4039 principiis
935 3952 973 4016 et
989 3941 1208 4029 instrumen-

125 4060 175 4133 tis
204 4078 271 4157 per
289 4054 556 4131 alimentorum
580 4056 734 4153 uinique
748 4051 1011 4129 exhalationes.
1072 4045 1210 4143 Neque
1264 4078 1266 4087 ⁴

127 4186 256 4253 tamen
280 4173 333 4249 ita
354 4168 564 4249 confestum
592 4169 661 4268 etl,
699 4162 932 4357 {eraclitum
960 4182 1113 4266 quoque
1127 4156 1209 4349 dbac

776 4302 800 4357 a
1084 4294 1124 4350 ea
1152 4296 1212 4349 em
