2992 4992
527 452 814 520 ΞΕ·-
937 520 941 525 .
1123 456 1205 567 v35

126 649 296 733 maiibus.
359 644 414 725 Ita
438 648 554 725 moris
580 647 796 749 exponendi
817 670 955 749 puaros
977 660 1017 727 et
1035 648 1207 744 necandi,

128 768 266 845 aurita
282 764 479 853 educandi,
505 777 547 839 vt
567 766 632 839 vix
654 766 771 863 patria
789 764 971 863 aliquado
992 786 1056 841 eos
1084 767 1210 846 austo-

128 886 223 957 ritas
238 876 306 955 effe
320 880 508 971 videatur3
532 878 776 966 conditionis,
803 900 877 979 qua
895 878 1055 956 feminae
1068 880 1208 960 haben·
1296 932 1306 942 -

128 1010 212 1084 tur,
260 994 368 1070 facile
402 992 509 1068 reddi
540 994 660 1091 potest
694 994 806 1068 ratio:
866 997 1101 1095 omninoque
1129 996 1206 1089 iila,

133 1112 228 1209 quae
247 1109 295 1187 ad
320 1105 456 1185 caussas
481 1104 646 1206 phyficas
662 1108 795 1183 retrahi
824 1107 995 1206 possunt,
1031 1109 1210 1209 expeditu

127 1224 213 1301 sunt
255 1222 386 1300 facilia.
477 1218 663 1297 Maiorem
702 1234 826 1295 tamen
856 1221 1138 1300 desudationem
1163 1224 1212 1303 ad

126 1362 260 1416 meum
284 1337 432 1421 sensum
452 1323 610 1425 habent,
655 1332 818 1433 plusque
844 1337 1010 1435 volitans
1033 1337 1079 1412 ad
1108 1363 1213 1414 men-

127 1457 175 1547 tis
203 1454 387 1529 humanae
411 1466 580 1525 naturam
605 1462 643 1526 et
667 1446 838 1525 indolem
862 1473 1099 1549 peromnem
1114 1456 1212 1530 vitae
1344 1495 1349 1509 ·

127 1568 318 1646 culturam
343 1569 500 1665 eiusque
520 1565 750 1641 incrementa
772 1564 986 1641 variabilem
1009 1568 1118 1643 etad
1141 1592 1213 1645 no-

127 1706 198 1759 vos
233 1682 382 1757 habitus
414 1678 626 1755 induendos
663 1678 827 1755 habilem
859 1691 1062 1780 aptamque
1088 1682 1213 1760 decia.

127 1792 304 1880 randum,
322 1794 483 1873 afferunt
503 1792 582 1875 illa,
603 1808 718 1892 'quae
736 1808 821 1869 ante
836 1794 929 1871 haec
945 1798 1074 1871 omnia
1087 1804 1213 1897 primo

126 1912 222 1989 loco
245 1894 350 2011 posui
359 1932 373 1987 ε,
417 1906 537 1985 sensus
560 1910 801 1985 barbarorum
829 1909 992 2007 religiosi
1016 1926 1056 1985 et
1083 1912 1132 1987 de
1156 1936 1214 1989 re·
1406 1985 1407 1996 a

126 2050 220 2103 rum
249 2022 377 2101 caussis
410 2024 693 2121 originibusque
730 2022 884 2107 iudicia,
938 2038 978 2099 et
1011 2027 1213 2123 opiniones
1323 2022 1332 2029 ’

128 2162 177 2217 ac
205 2139 496 2238 superstitionem
533 2150 616 2213 tum
637 2141 847 2233 primorum
862 2136 1070 2235 sapientum
1092 2137 1216 2233 philo-

125 2254 368 2351 sophemata3
390 2269 553 2346 cumque
568 2270 611 2322 ea
626 2270 693 2343 per
717 2247 886 2343 symbola
911 2257 950 2319 et
965 2246 1116 2347 mythos
1137 2250 1216 2327 fere

126 2366 394 2449 declarentur,
440 2360 612 2435 accendit
641 2356 733 2433 haco
775 2356 848 2457 ipsa
874 2382 944 2434 rea·
968 2362 1216 2442 animadversa

127 2479 300 2558 studium
323 2474 387 2553 ista
401 2471 672 2571 ¹cognoscendi.
726 2470 989 2551 Acceditenim
1004 2476 1098 2554 haec
1115 2502 1217 2559 noua

131 2591 336 2671 difficultas
363 2592 403 2664 in
431 2586 689 2687 comparandis
721 2600 885 2664 aeterum
913 2592 1145 2690 populorum
1172 2620 1215 2675 ae

132 2711 387 2784 recentiorum
409 2704 652 2805 opinionibus
677 2701 782 2801 quod
810 2701 969 2802 plurima
995 2709 1035 2782 in
1055 2726 1214 2814 utroque

133 2842 273 2923 genere
300 2844 367 2919 per
381 2816 550 2919 symbola
568 2814 652 2892 sunt
672 2815 872 2894 declarata:
902 2822 1039 2919 quaesi
1062 2814 1216 2923 quisex‘

135 2930 381 3013 nostrosensu
399 2936 680 3031 interpretetur,
716 2927 1092 3035 vt'pierumquefieri
1109 2936 1215 3027 solet,
1301 2932 1309 2941 '

137 3046 350 3127 alienissima
373 3072 459 3125 euru
482 3044 528 3123 de
555 3044 789 3145 populorum
810 3047 970 3145 ingeniis
992 3072 1037 3124 ac
1056 3046 1218 3126 sentibus

136 3162 305 3267 profiteri
329 3158 468 3238 necesse
493 3160 551 3235 est.
611 3159 707 3238 Sunt
720 3162 769 3233 tin
786 3159 843 3235 his
858 3154 975 3236 multa
999 3158 1063 3237 eui
1095 3161 1220 3239 diuer-

138 3278 183 3357 fis
198 3302 219 3356 a
236 3268 361 3354 caussis
378 3279 473 3355 inter
491 3270 833 3381 diuersospopulos
848 3274 1028 3373 professa,
1051 3274 1098 3382 ad
1116 3300 1220 3355 com-
1347 3360 1350 3368 ,

138 3416 293 3471 munem
320 3403 442 3468 tamen
467 3388 619 3465 humaui
640 3390 786 3485 generis
803 3384 972 3465 indolem
988 3400 1220 3472 et‘naturam
1338 3450 1348 3468 ,

139 3507 249 3587 facile
265 3504 481 3583 reuocanda.
542 3500 586 3578 In
600 3500 674 3577 hoc
691 3503 956 3581 rerumordine
972 3502 1057 3582 suut
1072 3510 1240 3607 opinio·

142 3646 209 3697 nes
227 3620 275 3699 de
297 3618 445 3697 monit'
418 3642 486 3708 ns,
511 3614 691 3717 prodigiis
708 3628 746 3690 et
766 3618 926 3695 oderatis
986 3616 1134 3711 Vtsrnt,
1155 3622 1223 3731 qui

144 3734 345 3835 praestigiis
370 3734 607 3811 mirationem
639 3729 887 3822 facientum,
911 3755 1031 3833 eaque
1057 3760 1098 3811 re
1125 3738 1223 3812 inter

90 3848 228 3927 suos
253 3846 504 3924 austeritatem
532 3843 825 3977 consequantur,
866 3846 944 3923 etfi
938 3850 1068 3925 variis
1100 3846 1223 3927 modis

90 3966 92 4031 ἰ
145 3977 182 4040 et
202 3964 342 4039 artibus
359 3963 396 4038 id
415 3958 593 4049 efficitur,
622 3962 661 4035 in
679 3974 818 4036 natura·
827 3976 950 4038 tamen
961 3961 1126 4037 humana
1145 3960 1245 4035 vbi·

148 4100 222 4179 que
250 4074 383 4154 caussas
408 4076 521 4153 habet
545 4074 697 4151 idoneas
771 4068 867 4151 Non
890 4100 992 4152 nunc
1014 4072 1251 4172 praestigias·

149 4192 451 4273 commemorabo
477 4212 510 4270 ι
535 4204 567 4268 e:
593 4178 856 4375 Telchqrum
846 4212 886 4264 m
898 4188 1048 4265 Rhodo
1078 4182 1222 4370 (Diqq

544 4336 548 4347 ,
776 4324 800 4375 2
960 4363 963 4368 Α
1052 4351 1055 4357 ,
1212 4327 1299 4383 ,4
