2992 4992
409 522 415 529 ·
544 486 842 571 ====
952 514 965 551 ⁶
1144 457 1282 596 '339'

92 722 93 733 Ν
143 686 416 779 nec'dileilum
444 709 570 770 earum
589 688 755 801 habue're
780 704 844 770 aut
862 691 929 795 ipii
946 682 1141 786 rotalios,
1186 708 1230 774 rt

140 806 326 897 facerent,
377 828 578 901 monuere3
618 806 681 889 led
708 808 790 886 satis
811 807 975 887 habuere
999 812 1125 888 omnia
1144 833 1227 889 aer·

139 919 280 1006 naculo
301 919 479 1033 -iermone
513 939 726 1023 exponere,
775 935 813 1001 et
839 922 886 1012 'ad
915 922 1079 1023 palatum
1104 924 1223 1029 vulgi.

138 1048 206 1133 aut
230 1038 338 1113 etiam
359 1056 563 1137 puerorum
585 1049 839 1137 attemperare.
899 1035 988 1133 Qpa
1008 1037 1163 1137 quidem
1181 1064 1222 1119 re

136 1146 256 1246 hydra
281 1147 468 1229 malorum
489 1148 531 1225 in
554 1147 717 1227 nostram
742 1151 897 1250 patriam
922 1154 1106 1230 excreuit:
1135 1153 1223 1229 elle}

136 1260 237 1343 tium
260 1261 376 1340 fenim
408 1258 459 1339 est
483 1261 627 1361 primo,
659 1268 761 1340 it'et
783 1264 811 1341 ii
834 1266 903 1367 qui
929 1261 1069 1354 litteras
1096 1288 1140 1342 ac
1168 1268 1224 1343 di·

133 1374 309 1474 lciplinas
331 1374 536 1466 traderent,
569 1376 619 1454 ab.
636 1378 742 1455 omni
757 1375 957 1458 subtilitate
972 1376 1224 1473 desciscerent,-

130 1501 254 1589 vtque
281 1488 615 1590 late‘spargecetur
646 1488 813 1585 doiirina
839 1492 984 1585 ieiuna,
1024 1491 1224 1573 tolleretur

130 1600 304 1681 accurata
330 1616 367 1681 et
389 1602 525 1699 solida;
560 1586 610 1683 ὰ
628 1602 697 1683 hac
715 1603 816 1705 peste
830 1608 996 1685 manauit
1007 1607 1121 1685 altera
1141 1607 1220 1700 illa,

129 1729 172 1793 rt
208 1714 396 1801 scribendi·
423 1718 579 1796 morbus
607 1740 650 1799 ao
678 1717 816 1799 scabies
843 1732 989 1803 tantum
1018 1720 1220 1808 hominum

128 1852 332 1908 numerum
360 1834 582 1932 corriperet:
628 1854 703 1931 qua
731 1832 886 1933 quidem
914 1859 954 1941 re
982 1858 1049 1939 per
1073 1836 1222 1939 aliquot

128 1968 317 2023 annorum
355 1943 549 2023 decursum
583 1967 641 2023 res
670 1944 819 2021 libraria
846 1962 886 2025 et
908 1947 1079 2049 quaestus
1105 1949 1220 2030 libra·

127 2059 273 2137 riorum
298 2056 489 2159 insigniter
514 2058 587 2137 fuit
612 2056 759 2149 eutius,
800 2082 904 2139 nunc
924 2061 1078 2139 tandem
1096 2086 1216 2144 eoree
1267 2074 1285 2117 -’

127 2172 284 2251 adduiia
310 2172 381 2262 est,
421 2186 462 2251 vt
488 2176 584 2252 intra
612 2195 753 2274 paucos
780 2186 900 2250 annos
924 2179 1218 2257 monumentum

87 2322 91 2339 ν
125 2284 201 2365 hoe
228 2288 398 2364 vanitatis
426 2284 658 2365 Teutonicae
685 2280 748 2364 lu'a
772 2283 875 2363 mole
890 2288 1144 2365 corruiturum
1159 2288 1215 2368 srt.

128 2401 256 2479 Nouis
283 2400 452 2504 quotirie
479 2396 604 2494 lrbris,
646 2400 940 2480 vermiculorum
966 2414 1032 2479 aut
1057 2399 1216 2482 lumbri·

127 2503 261 2593 corum
297 2538 403 2593 more
428 2514 721 2616 pullulantibus,
771 2528 933 2595 emtores
965 2517 1031 2595 vix
1059 2515 1214 2596 leuibus
1370 2606 1377 2615 ,

111 2626 268 2707 'libellis
305 2628 486 2732 praesenti
518 2653 602 2708 aere
624 2628 797 2733 parandis
820 2626 1026 2723 sufficiunt,
1073 2630 1215 2709 deficit·
1312 2668 1314 2673 ·

128 2765 207 2844 que
243 2756 420 2829 crumena
445 2745 567 2821 bonis
594 2756 632 2821 et
659 2744 836 2843 grauibus
868 2744 997 2837 libris,
1040 2744 1215 2824 exhausta

128 2870 168 2935 et
198 2858 385 2934 exinanita
413 2859 457 2934 iis
478 2856 617 2935 libellis
640 2857 856 2938 coemendis
882 2860 1021 2966 quibus
1048 2861 1216 2963 reliquo-¹

127 2994 214 3048 rum
245 2970 414 3051 recensus
443 2983 481 3050 et
507 2970 644 3107 lupicia
672 2970 778 3051 fiunt
835 2970 940 3054 Ioter
966 2964 1061 3065 haec
1086 2995 1215 3053 rerum

128 3087 408 3167 innumerarum
439 3088 594 3164 notitiae
617 3087 790 3179 inutiles,
826 3101 894 3166 aot
919 3088 1055 3167 nudae
1084 3098 1122 3165 et
1148 3099 1215 3189 pa·-

128 3212 213 3304 rum
250 3186 391 3298 iudicio
415 3196 600 3291 sabatrae,
635 3213 841 3280 auocarunt
867 3200 1040 3278 homines
1065 3222 1086 3277 a
1115 3203 1214 3280 vitae
1291 3290 1295 3299 ¹

129 3314 229 3401 adu,
268 3316 492 3417 opinionum
521 3314 682 3393 vanitate
709 3335 775 3389 eos
799 3312 994 3401 iniierunt,
1027 3311 1075 3388 ad
1094 3312 1213 3391 studia

130 3430 252 3519 ornnis
289 3418 436 3529 'generis
469 3428 594 3507 inania
627 3438 667 3505 et
696 3423 937 3529 superstitiosa
959 3424 1211 3527 pellexerunt.
1322 3515 1326 3525 ⁸

130 3542 277 3620 fumum
300 3542 546 3621 vendentibus
573 3538 763 3643 obnoxior
783 3539 963 3621 iecerunt
988 3559 995 3572 ’
1019 3537 1123 3621 llaec
1140 3539 1212 3622 elle

130 3656 297 3761 putanda*
324 3656 382 3739 ,est
427 3656 622 3757 praecipua
666 3657 782 3745 satin,
832 3678 901 3735 cur
936 3654 1058 3735 troilra
1093 3669 1211 3737 aetate

130 3774 169 3846 in
199 3784 299 3849 tanta
326 3768 581 3871 philosophiae
615 3782 653 3848 et
678 3768 933 3869 religionum,
982 3790 1079 3871 quse
1105 3770 1212 3849 iada

130 3899 211 3975 tur,
236 3884 321 3962 luce
345 3898 446 3961 tanta
474 3899 598 3962 tamen
613 3896 672 3964 tot
697 3881 1024 3974 dcliiimeotorum
1050 3872 1223 3989 caligine

131 4014 344 4080 occaecatas
363 3996 439 4103 ¹lint
466 3998 672 4089 multorum
698 4011 841 4077 mentes
898 3996 1031 4077 Studio
1048 3996 1231 4092 illoim··
1267 4044 1271 4050 -

130 4114 306 4213 prodenti
329 4110 374 4191 ad
399 4111 619 4215 popularem
643 4114 826 4191 rationem
848 4109 1051 4190 reuocandi
1074 4109 1213 4188 littera·

130 4250 215 4309 rum
232 4216 422 4309 ,sacrariam
437 4252 480 4309 ac
489 4228 741 4332 profanarum,
760 4224 971 4311 unionum
987 4224 1220 4312 eruumanaa,

163 4360 172 4380 '
691 4340 778 4441 Y3
1126 4364 1211 4421 rum
