2992 4992
258 456 377 585 2350,
470 456 509 478 ’“
687 471 1050 561 m

290 668 460 779 quando
472 666 570 771 illud
598 677 846 767 mergeretur,
897 663 1001 743 nulia
1028 660 1224 763 humana
1198 689 1290 770 ope
1306 694 1371 749 oc·

289 809 435 869 currere
461 796 629 883 poterat.
688 779 857 871 Scilicet,
901 778 1010 879 quod
1039 803 1120 859 non
1143 781 1292 906 semper
1317 787 1370 863 fa·

287 924 369 980 cere
395 898 560 981 solent''
536 923 584 987 ιι,
623 896 688 997 qui
711 888 769 992 de
781 916 1005 993 magnorum
1027 897 1193 975 virorum
1211 898 1315 975 fadis
1333 916 1369 977 et

288 1013 449 1093 consiliis
475 1005 690 1111 cognitione
693 1034 730 1087 m
756 1007 823 1087 {ibi
846 1008 1016 1101 sumunt,
1036 1067 1040 1084 ι
1068 1032 1148 1087 nou
1171 1024 1249 1089 tam
1271 1016 1367 1113 quid

285 1130 447 1229 quisque
480 1126 629 1213 fecerit,
677 1146 791 1225 quam
823 1125 961 1224 quibus
993 1126 1246 1225 temporibus,
1287 1152 1366 1229 quo

285 1267 411 1345 rerum
428 1236 572 1319 statuet
587 1214 824 1333 conditione,
851 1239 948 1317 inter
964 1260 1060 1337 quos
1075 1236 1260 1331 homines,
1282 1255 1366 1318 ten-

284 1370 359 1437 tata
386 1356 570 1445 effecerit,
608 1366 672 1431 aut
696 1376 781 1431 non
801 1343 1052 1451 perfecerit,
1050 1345 1261 1431 uidendum
1289 1358 1356 1433 est:

283 1470 404 1579 idque
425 1469 547 1547 multo
577 1470 714 1575 magis
727 1470 768 1543 in
796 1466 913 1543 libera
941 1467 1111 1559 ciuitate,
1151 1490 1238 1547 cum
1265 1470 1360 1546 mui-

198 1662 201 1669 ,
283 1600 413 1665 torum
442 1583 577 1663 iudicia
600 1594 654 1660 set
690 1579 921 1669 voluntates,
963 1602 1035 1657 uec
1063 1583 1102 1658 ιι
1127 1580 1191 1660 ied
1215 1584 1357 1685 persua-

152 1718 159 1737 ·
248 1698 250 1705 ’
283 1696 386 1779 {ione
409 1713 447 1775 et
469 1696 702 1791 autioritate,
732 1690 985 1790 moderandae
1000 1693 1094 1791 sunt
1189 1710 1193 1717 ’

232 2000 234 2004 .
392 1924 463 2004 Vti
489 1948 625 2027 magna
646 1925 802 2027 imperia
825 1923 886 2001 sua
907 1924 946 2001 ιι
961 1948 1006 2003 ac
1021 1924 1124 2006 mole
1142 1927 1189 2005 ab
1209 1943 1355 2007 externa

281 2046 321 2140 ιι
343 2042 452 2123 facile
475 2041 511 2119 se
537 2054 707 2131 tuentur,
741 2039 814 2115 suis
842 2063 930 2116 vero
947 2038 1022 2139 ipsa
1035 2037 1194 2141 opibus,
1223 2044 1284 2122 sua
1300 2047 1354 2123 iu.

280 2162 389 2259 :curia
404 2170 441 2235 et
455 2153 1127 2259 ignauiaferevelimperitiaeornm,
1155 2160 1224 2257 qui
1239 2184 1349 2259 remp.

279 2274 553 2363 administrant,
600 2280 802 2363 corruunt3
844 2271 893 2346 ita
913 2291 1029 2368 regna
1052 2274 1197 2370 exiguis
1220 2272 1353 2351 finibus

279 2388 440 2479 inclusa,
481 2398 653 2485 et,1quo
676 2384 800 2459 minue
826 2384 866 2459 ιιι
889 2384 1004 2483 remp.
1021 2388 1246 2485 nimperantis
1260 2390 1356 2465 lubi·
1405 2455 1406 2462 ι

277 2502 360 2581 ιιιιιι
392 2497 516 2590 licet„
538 2522 588 2585 ,eo
610 2498 753 2575 ,melius
787 2496 1054 2599 administrata,
1099 2517 1253 2579 externa
1278 2505 1356 2603 pie-

278 2632 439 2717 rumque
462 2617 501 2689 vi
523 2626 586 2689 aut
602 2610 737 2690 fraude·
750 2611 977 2709 concidunt,
1000 2617 1151 2711 quoties
1167 2618 1209 2689 iu
1225 2620 1356 2694 uicinia

137 2766 139 2773 ·
277 2731 463 2809 accubans
509 2728 701 2827 potentius
747 2725 950 2855 imperium
992 2725 1128 2807 finibus
1172 2733 1352 2809 imminet

278 2840 389 2940 Quae
405 2839 559 2942 quidem
576 2841 699 2941 multo
716 2843 851 2939 magis
854 2839 1054 2918 liberarum
1070 2845 1265 2923 ciuitatum
1282 2848 1357 2925 for·

276 2969 369 3057 tuna
394 2956 496 3037 est.
522 2948 698 3031 Ciuitates
724 2950 900 3030 Graeciae
924 2936 996 3031 iuis
1016 2956 1112 3057 ipsae
1138 2958 1290 3037 diffidiis
1314 2986 1353 3041 ac

275 3071 386 3149 bellis
407 3066 556 3147 afflitiae
579 3080 617 3144 et
636 3068 778 3145 attritae
795 3066 898 3143 fuere
914 3068 1195 3171 saepenumero:
1221 3096 1353 3153 verum

272 3194 367 3289 pa‘oe
393 3184 485 3262 satia
509 3182 618 3263 iacile
632 3181 904 3283 pristinasopes
922 3196 960 3260 et
974 3185 1140 3263 fortunas
1158 3210 1355 3289 recupera·
1402 3175 1403 3212 ³

274 3301 390 3397 hant3
425 3300 472 3378 ad
493 3297 709 3376 seruitutem
724 3311 762 3372 et
775 3294 956 3375 miseriam
973 3322 1051 3376 non
1066 3298 1168 3377 fuere
1187 3303 1355 3383 redactae
1402 3316 1404 3322 ’

274 3416 345 3493 nifi
373 3436 506 3514 regum
536 3412 753 3519 cupiditate·
769 3422 808 3488 et
834 3411 943 3491 malis
975 3414 1133 3514 artibus,
1184 3419 1355 3516 primum

272 3524 463 3620 Bersarum
491 3541 571 3604 rum
596 3524 861 3604 Macedonum.
932 3522 1016 3605 Nec
1040 3531 1164 3619 minus
1188 3528 1357 3611 Graeco-
1400 3583 1402 3630 ι

272 3666 358 3719 rum
390 3643 506 3719 virtus
533 3640 671 3745 enituit,
686 3642 727 3715 in
749 3635 816 3730 eo,
851 3642 957 3741 quod
983 3655 1058 3720 tam
1079 3646 1355 3743 praegrandem

180 3792 183 3799 ·
271 3780 319 3865 ac
340 3767 642 3857 praegrauantem
665 3756 930 3857 potentiam'et
947 3754 1114 3863 fraudem
1130 3759 1275 3837 tamdiu
1289 3764 1357 3838 iila

271 3870 440 3972 furstinuit
468 3882 514 3948 et
536 3868 750 3949 seruitutem
772 3868 874 3946 suam
901 3892 970 3968 per
993 3884 1140 3952 tantum
1163 3897 1358 3955 annorum

215 4034 219 4037 -
255 3958 467 4065 decursum
490 3982 707 4065 retardauit
745 4006 832 4092 cum
848 4006 985 4084 magna
1002 3986 1066 4064 iila
1082 4003 1121 4063 et
1133 3976 1251 4064 vastae
1268 4014 1358 4068 mo-

271 4102 353 4192 lis
343 4102 495 4203 maperia
519 4099 642 4231 primo
662 4098 736 4177 iun
765 4122 810 4177 ae
832 4097 987 4176 vnlnere
1009 4102 1251 4205 conciderint
1314 4104 1358 4182 Si

183 4279 186 4293 .
271 4218 340 4316 qui
361 4215 446 4366 sunt
467 4216 556 4345 qui,
596 4236 676 4324 nou
694 4226 771 4323 tam
763 4200 1089 4329 reprehendere,
1115 4239 1229 4321 quam
1247 4215 1358 4295 dete·

238 4344 246 4360 ⁸
1194 4331 1356 4445 ίιιιιίῠιιο
1398 4365 1400 4450 ι
