2992 4992
399 454 835 529 m
944 427 967 442 ”
1069 446 1222 558 &3⁷3
1324 449 1346 524 5

112 710 117 724 .
155 650 293 739 menta
310 622 429 720 multe
455 639 613 720 instituit
622 637 799 718 'accurate
827 631 942 742 eaque
967 637 1158 740 explorate
1176 631 1225 742 ‘ac
1256 651 1259 664 ’

155 752 356 853 diligenter
370 751 590 856 perscripsit
655 751 811 832 Asterum
830 767 976 831 tamen
991 751 1224 865 inscriptum:
1367 741 1372 753 ‘

155 893 225 944 non
240 869 319 946 vatia
331 871 434 946 videri
453 907 507 922 -
524 869 632 968 plura
646 871 899 968 experimenta
913 868 1060 958 idonea,
1089 873 1224 967 magna
1248 919 1253 930 ι
1349 878 1351 893 ’

155 1003 244 1062 cum
266 985 456 1071 varietate,
498 980 692 1081 diligentia
710 1005 754 1058 ac
776 984 948 1059 cautione
966 980 1075 1070 fana,
1105 970 1222 1070 affert,

153 1116 250 1194 quae
281 1095 512 1195 sagacitatem
543 1095 686 1192 ingenii
712 1108 750 1170 et
780 1101 935 1172 acumen
969 1093 1224 1198 iudiciumque
1266 1134 1272 1156 ι
1320 1093 1352 1122 ‘'

153 1230 198 1288 ac
222 1204 460 1288 subtilitatem
491 1207 532 1283 in
554 1198 786 1285 obseruando
821 1221 858 1286 et
888 1206 1142 1308 experiundo,
1181 1227 1225 1286 ac
1275 1237 1281 1256 ·

150 1318 340 1410 videndo,
378 1319 471 1421 quid
491 1316 717 1420 indecolligi
742 1335 781 1398 et
799 1321 884 1415 elici
902 1318 1029 1422 possit,
1060 1319 1226 1421 produnt

151 1435 347 1529 eximiam3
392 1446 432 1510 vt
465 1446 589 1511 tamen
618 1423 691 1511 nec
723 1433 882 1513 ledione
916 1445 1020 1513 vacet
1050 1434 1225 1534 scriptum

149 1569 266 1648 quam
287 1571 344 1624 res
361 1560 400 1625 et
425 1546 620 1627 confilium
641 1549 857 1648 postulabat.
925 1549 1071 1628 Tertium
1096 1549 1143 1626 ab
1169 1550 1227 1623 in-

149 1664 267 1760 genio
297 1659 502 1761 profestum
527 1661 577 1739 est
603 1661 701 1740 haud
723 1661 924 1754 mediocri,
963 1661 1090 1763 quod,
1135 1661 1227 1739 alio·

149 1798 246 1871 rum
271 1766 399 1853 dinus
427 1777 646 1873 impatiens.
695 1775 763 1853 sibi
797 1777 916 1877 ipsum
951 1779 1049 1856 viem
1079 1777 1226 1855 munire
1314 1842 1317 1848 .
1353 1874 1360 1884 Ι

134 1888 308 1983 ἱιιιειΙΙεις
346 1887 430 1964 sunt
457 1888 498 1961 in
523 1906 574 1964 eo·
601 1887 786 1963 nonnulla
810 1891 905 1965 reste
929 1891 1136 1982 obseruata,
1177 1901 1226 1981 et,

150 2025 252 2102 quae
280 2024 328 2078 ex
353 1999 554 2078 obseruatis
576 1999 800 2100 sequentum·
826 2013 931 2078 acute
956 2001 1225 2098 animaduersa3
1297 2041 1299 2046 ·

152 2118 266 2194 etiam
300 2139 370 2218 εει
425 2138 521 2215 quae
553 2113 678 2191 nudor
709 2105 868 2191 lettione
897 2116 1050 2213 cognita
1081 2114 1222 2206 habuit,

152 2231 229 2308 acri
255 2253 342 2307 cum
366 2228 507 2306 iudicio
528 2227 613 2304 sunt
636 2226 829 2327 explorata
845 2241 882 2304 et
898 2227 944 2304 ad
966 2250 1024 2304 res
1043 2225 1224 2305 subtiliter

108 2354 111 2361 “
151 2343 345 2420 translata:
385 2339 608 2419 defidetatur
636 2354 761 2418 tamen
794 2344 951 2418 omnino
983 2363 1070 2428 cura
1090 2355 1129 2417 et
1157 2342 1226 2418 cir·
1269 2402 1275 2412 ,

134 2447 375 2558 'cumspenio
399 2457 439 2531 in
467 2446 721 2555 experiundo,
756 2456 836 2532 tum
855 2451 1228 2555 diligentiaseue'rior

155 2569 230 2649 siue
262 2573 303 2648 in
331 2569 595 2670 descriptione,
648 2566 805 2660 diseno,
851 2573 960 2671 copia
985 2592 1028 2646 ac
1053 2572 1226 2678 varietate

154 2687 498 2784 experimentorum
519 2705 615 2784 quae
638 2682 713 2783 ipse
733 2685 906 2778 instituit;
945 2681 1021 2762 siue
1050 2685 1090 2760 in
1120 2682 1242 2758 colli·=

155 2797 290 2896 gendis
314 2821 356 2873 ac
371 2797 603 2897 dispiciendis
623 2798 733 2895 rebus
751 2820 793 2874 ac
816 2797 934 2887 factis,
965 2819 1061 2897 quae
1076 2799 1115 2874 in
1137 2796 1227 2874 alio·
1321 2879 1323 2887 ,
1382 2807 1385 2816 ’

153 2933 242 2987 rum
266 2908 650 3010 scriptinoccurrunt,
691 2909 866 3014 adrem,
904 2910 952 2989 de
973 2912 1047 3012 q'ua
1076 2933 1229 3011 quaere·

154 3024 285 3112 batur,
304 3025 465 3101 idoneis
486 3036 525 3102 et
544 3025 701 3124 cognitu
722 3023 944 3110 necessariis.
971 3023 1008 3129 si
1032 3022 1071 3101 id
1095 3025 1227 3122 ageba·
1292 3112 1293 3120 Ν
1389 3102 1392 3111 ,

154 3149 235 3230 tur,
270 3149 312 3214 vt
334 3135 439 3238 quod
462 3160 591 3215 verum
612 3135 719 3228 esset,
748 3126 1023 3238 perspiceretur.

271 3277 380 3373 Quae
409 3301 493 3356 curn
515 3281 567 3354 ita
591 3276 679 3365 sint,
714 3273 823 3354 Ordo
839 3276 1004 3354 medicus
1023 3279 1231 3378 principem

155 3392 285 3472 locum
328 3415 415 3470 oum
460 3392 625 3491 praemio
673 3387 864 3490 affignauit
908 3385 1230 3468 Commentatioui
1344 3390 1347 3401 '

157 3504 253 3607 Nro.
270 3503 318 3582 ΙΙ.
343 3505 536 3605 inscriptae
557 3504 699 3580 verbis:
735 3529 804 3580 non
823 3501 901 3582 aelst
917 3505 1023 3584 videri
1042 3530 1146 3594 uerus,
1168 3503 1231 3608 sed

101 3722 105 3730 ι
159 3616 234 3722 effu
263 3614 410 3722 acceffiffi
434 3633 558 3697 autem
579 3618 756 3719 proximo
780 3617 868 3697 loco
889 3620 935 3697 ad
965 3619 1069 3698 illam
1091 3618 1231 3698 iudicat
1328 3665 1332 3678 ·
1397 3657 1398 3677 ι

159 3734 336 3866 scriptum
362 3730 455 3810 Nro.
482 3730 511 3810 1.
560 3744 716 3811 naturam
746 3733 842 3838 sapui
889 3737 1017 3836 artique
1050 3731 1230 3838 impendere
1334 3775 1341 3792 κ
1380 3815 1396 3836 ..

160 3871 287 3937 varen„
966 3901 973 3913 ·

274 3987 435 4067 Vitioris
464 3983 611 4064 nomen
628 3985 779 4087 publice
803 3993 1061 4069 renunciatum
1089 3985 1155 4068 est:

433 4123 578 4208 Oaro
606 4127 747 4210 Hvuu
776 4128 961 4211 Curonus.

671 4285 675 4293 ’
721 4270 837 4372 Aa4
910 4263 913 4272 ’
1145 4269 1234 4352 Eius
1360 4254 1385 4302 ”
