2992 4992
524 490 807 557 Ξ
1117 518 1382 613 ιιι»

132 686 287 788 publice
313 686 400 765 de”
376 710 430 764 ιιι
436 684 594 787 scriptis,
623 685 770 785 quaein
787 690 1109 769 concertationem
1104 717 1207 793 pro·

135 802 280 879 dietant
312 801 419 902 super
450 800 740 903 quaestionibus
741 778 936 901 superiore
960 828 1060 882 anno
1081 809 1206 885 vestris
1274 810 1296 908 j
1396 851 1397 872 ι

134 902 260 993 studiis
291 914 518 1017 propositis.
562 912 781 993 Meministis
804 914 940 991 scilicet
966 921 1207 1001 constitutum

136 1024 207 1105 elle
236 1028 487 1128 sancitumque
509 1032 644 1125 Regio
645 1018 793 1115 Editio,
829 1017 869 1102 v't
892 1036 1090 1128 quotannis
1114 1045 1207 1134 qua·

133 1144 473 1242 tuorquaestiones
499 1142 545 1215 de
572 1162 611 1215 re
637 1140 781 1238 aliqua,
810 1143 1117 1234 avestrisstudiis,
1141 1172 1210 1225 an.

130 1257 189 1331 nis
218 1270 259 1331 et·
278 1256 519 1354 profertibus,
548 1252 647 1329 haud
663 1246 810 1341 aliena,
828 1261 1103 1355 proponantur,
1135 1260 1209 1338 sm.
1233 1268 1247 1299 ⁷
1286 1284 1289 1289 ·

129 1370 244 1467 gulae
278 1394 299 1441 a
328 1367 477 1465 singulis
504 1364 729 1459 Ordinibus3
778 1369 881 1466 cuius
911 1371 1063 1462 instituti
1090 1372 1209 1454 confr.

129 1470 230 1559 liu‘m
253 1484 324 1557 iam
351 1482 419 1557 illo
432 1494 629 1583 tempore,
659 1503 739 1580 quo
757 1471 852 1558 illud
867 1483 1043 1562 inditium
1058 1479 1129 1562 'fuit
1144 1486 1203 1584 *),

129 1596 214 1672 fatis
241 1620 261 1670 a
287 1598 394 1673 nobis
419 1596 469 1673 est
494 1594 736 1684 declaratum,
766 1607 806 1670 vt
826 1597 874 1685 ii,
908 1599 975 1697 qui
995 1587 1205 1705 litterarum

131 1708 360 1787 curriculum
390 1712 461 1785 iam
491 1706 567 1785 fere
600 1720 825 1808 exegerunt,
864 1712 974 1788 itaut
995 1712 1113 1791 studia·
1139 1715 1205 1793 sua
1330 1711 1334 1723 '
1392 1693 1398 1701 ⁴

131 1848 226 1901 ιιι
213 1826 287 1899 in
313 1824 437 1915 forum
463 1846 504 1901 ac
530 1822 715 1923 populum
741 1824 921 1922 prolaturi
943 1821 1032 1917 rint,
1065 1852 1205 1931 oppor·
1258 1891 1260 1897 ,
1351 1901 1353 1910 .

129 1942 337 2017 tunitatem
352 1936 526 2043 habeant,
562 1960 635 2037 qua
656 1934 775 2013 alletti
800 1951 837 2011 et
856 1938 1004 2037 impulsi
1021 1965 1080 2032 ea,
1107 1962 1214 2051 quac,
1354 2044 1359 2052 ⁶

133 2053 314 2139 didicere,
345 2053 481 2128 animo
511 2048 696 2137 recolant
740 2038 927 2149 digerant,
974 2067 1012 2128 et
1034 2059 1203 2151 oratione

132 2167 402 2265 inscriptione
439 2179 648 2271 exponant
690 2164 836 2261 ingenii
867 2177 1013 2255 autem,'
1061 2168 1202 2265 iudicii,

134 2279 320 2357 doitrinae
353 2293 389 2355 et
423 2282 527 2367 artis,
570 2300 643 2377 qua
665 2299 727 2366 ea,
770 2299 865 2376 quae
891 2276 957 2377 ipsr
982 2277 1203 2372 didicerunt,

135 2378 394 2495 excogitarunt
414 2406 476 2469 aut
501 2388 678 2491 alloquuti
702 2390 803 2480 sunt,
843 2404 907 2472 aut
930 2392 1009 2469 aliis
1031 2393 1115 2470 sunt
1132 2410 1205 2473 tra-
1258 2432 1263 2446 x

135 2508 254 2585 denda
279 2522 342 2585 aut
359 2496 606 2607 negotiorum
633 2528 719 2587 cura
741 2518 779 2579 et
794 2489 958 2603 gestione
973 2508 1202 2601 declaranda,
1225 2508 1230 2527 '

134 2621 318 2721 specimen
348 2632 385 2699 et
416 2622 683 2713 documentum
708 2619 858 2719 publio:
884 2619 1010 2733 edant.
1025 2644 1166 2727 quo
1146 2628 1205 2701 in·

135 2737 254 2835 telligi
277 2735 384 2836 poffit
405 2748 482 2812 non
506 2736 656 2838 anobis
683 2733 840 2822 modo,·
862 2724 991 2813 verum
1019 2720 1206 2848 etiamad
1252 2800 1258 2809 .
1396 2785 1400 2796 ι

137 2850 234 2939 aliis,
271 2864 450 2951 quantum
471 2850 627 2949 quisque
645 2849 775 2926 litteris
791 2848 989 2947 profecerit
996 2874 1020 2946 3.
1038 2864 1076 2927 et
1090 2853 1204 2931 animi
1304 2881 1307 2886 ’
1331 2924 1344 2941 ,χ

137 2964 351 3064 ingeniique
375 2965 515 3039 viribus
544 2960 671 3043 valeat.
723 2958 1057 3095 Quandoquidem
1079 2980 1204 3045 autem
1248 3055 1252 3060 ,

137 3078 174 3153 in
198 3077 357 3155 iuuenili
382 3086 498 3153 aetate
520 3076 610 3153 haec
635 3100 767 3176 opera,
804 3076 894 3151 haec
919 3079 1032 3154 animi
1050 3093 1205 3157 conten-

138 3194 206 3281 tio,
250 3182 350 3268 ha'ud
378 3190 483 3269 facile
513 3216 533 3265 a
568 3191 694 3265 multis
717 3188 925 3287 suscipitur,
950 3188 1033 3277 nisi
1052 3203 1207 3269 externa

138 3289 257 3415 aliqua
287 3304 459 3406 impollio
484 3300 682 3381 acceiierit:
724 3303 842 3401 quid
842 3299 991 3377 tandem
1016 3306 1206 3402 potentius

141 3434 175 3497 et
208 3417 390 3498 efficacius
423 3417 492 3495 elle
523 3416 735 3517 putabimus
771 3415 840 3492 hac
871 3411 1018 3515 publica
1049 3430 1206 3495 conten·
1273 3509 1276 3520 ³

140 3536 257 3631 tione,
300 3534 478 3631 adquam
505 3529 613 3608 multi
636 3528 849 3617 confluunt,
892 3530 994 3631 iique
1022 3533 1205 3631 aequales,

143 3664 176 3723 et
196 3650 326 3725 iisdem
343 3647 540 3745 magistris,
568 3645 704 3743 quibus
721 3643 942 3746 profecistis,
968 3645 1151 3723 iudicibus
1168 3653 1208 3725 'et

142 3762 301 3839 arbitris?
337 3760 429 3852 Non
452 3762 575 3858 igitur
590 3759 617 3833 ii
641 3757 776 3847 modo,
824 3760 890 3860 qui
912 3762 1113 3858 praemium
1136 3763 1206 3839 ob·

142 3877 333 3966 tinuerint,
380 3873 571 3951 utilitatem
602 3885 639 3949 et
668 3870 895 3948 frustumex
914 3872 987 3949 hoc
1006 3878 1206 3951 certamine
1295 3912 1299 3921 ·

99 4014 100 4021 ι
141 3984 275 4089 sperare
312 3981 468 4080 debent,
517 4010 646 4067 uerum
678 4008 749 4064 nec
779 3988 901 4063 minue
923 3987 952 4062 ii
974 4010 1104 4065 omnes
1133 4011 1204 4088 pro

917 4141 921 4149 .
1040 4124 1204 4202 praemio
1298 4164 1305 4175 s

196 4358 237 4444 ⁰)
262 4357 303 4429 V.
324 4354 537 4450 programma
551 4362 622 4452 sup.
638 4364 712 4450 noni
728 4368 760 4433 in
773 4350 853 4447 ostri,
873 4356 956 4428 iunii
968 4350 1035 4429 IV.
