2992 4992
177 594 180 603 ,
256 538 329 617 ’μ
667 512 964 585 aaa*
1042 530 1046 538 “

274 742 361 795 mum
392 732 505 789 merces
535 703 738 792 2222222222..
819 705 870 786 Iis
902 732 951 788 ne
975 705 1253 785 liber-omniuo
1274 706 1375 793 fuir.

273 824 524 909 commeatus?
553 840 592 901 vt
612 823 830 903 Romanis
818 848 858 899 22
881 822 1026 901 Siciliae
1050 823 1220 911 urbibus,
1253 844 1365 922 quae

266 926 349 1024 'sub
356 940 570 1057 Poenprurn
598 940 739 1015 ditione
767 938 893 1017 erant?
934 939 972 1015 id
1001 936 1107 1038 quod
1129 935 1246 1020 altero
1272 937 1363 1019 foe·

275 1057 362 1135 dere
378 1026 541 1132 disertius
559 1057 790 1132 enuntiatum
809 1055 867 1129 est
927 1052 1026 1129 Nam
1041 1051 1235 1153 probabile
1250 1048 1375 1148 haud!

179 1184 187 1279 j
274 1170 334 1257 fit
373 1168 509 1250 licuille
539 1170 735 1257 Romanis,
780 1167 845 1244 fibi
870 1167 954 1267 iplrs
977 1192 1116 1244 merces
1150 1189 1198 1243 ex
1227 1164 1361 1242 Africa

273 1306 419 1385 petere,
451 1282 813 1384 Carthaginiensibus
828 1284 874 1358 ab
893 1285 994 1357 aditu
1008 1273 1165 1358 Tiberis
1181 1278 1358 1357 exclufis.

274 1398 395 1493 'Quod
413 1400 439 1475 fi
457 1415 535 1475 tum
561 1403 722 1498 primurn
746 1394 884 1472 tent'ata
899 1422 956 1472 res
973 1397 1023 1472 est
1043 1420 1063 1471 a
1082 1394 1281 1474 Romanis:
1312 1408 1361 1469 vt

275 1514 342 1612 ipsi
362 1531 590 1612 prouentum
608 1536 786 1611 agrorum
803 1514 843 1585 iu
867 1508 1026 1587 Africam
1049 1523 1359 1609 transportarent,

154 1713 157 1732 ,
257 1647 397 1726 ¹quum
422 1626 543 1703 adhuc
576 1623 715 1702 Etrusci
740 1625 898 1701 forum
888 1650 928 1701 222
950 1627 1040 1703 vrbe
1063 1625 1183 1704 Roma
1209 1623 1362 1727 babuis-

277 1739 373 1817 sent·
422 1740 578 1840 suspicro
605 1737 674 1815 elle
702 1738 831 1840 polilt,
866 1737 1016 1820 Poenos
1043 1744 1200 1817 omnino
1233 1716 1362 1815 adbuc

276 1874 408 1983 parurn
424 1852 668 1954 frequentatio
684 1850 830 1932 Tiberis
855 1857 953 1932 ostia
1021 1854 1094 1933 Sed
1119 1853 1358 1955 probabilius

277 1963 320 2045 fit
337 1971 440 2069 prius
457 1968 572 2058 illud,
603 1970 929 2070 quodpoluimus:
960 1970 1055 2047 nihil
1078 1970 1123 2046 de
1140 1968 1359 2046 Poenorum

276 2082 517 2182 nauigatione
534 2086 573 2159 222
593 2083 742 2161 foedere
758 2082 830 2185 elle
854 2099 1122 2170 memoratum.
1164 2089 1251 2161 cum
1280 2085 1358 2159 22222

277 2212 384 2275 antea
408 2223 513 2277 more
536 2214 574 2275 22
596 2197 660 2275 vsu
682 2198 745 2275 illa
773 2194 859 2275 ellet
880 2200 1096 2289 constituta,
1134 2201 1175 2274 in
1205 2198 1360 2275 foedere
1410 2225 1411 2304 j

279 2326 403 2390 22222222
419 2313 729 2414 perscriberentur
743 2326 888 2401 tantum
905 2337 965 2399 22,
998 2338 1092 2415 quae
1118 2323 1224 2389 noua¹
1243 2312 1361 2389 sanci·
1410 2381 1411 2404 ἦ

263 2442 416 2505 rentur.
475 2426 685 2504 Promilcua
702 2428 796 2503 adeo
820 2426 1062 2506 Etruscorum
1082 2441 1120 2505 et
1140 2425 1360 2519 Poenorum
1410 2411 1411 2442 ¹

281 2541 386 2619 fuere
400 2532 442 2617 ¹in
461 2544 550 2614 vrbe
568 2539 688 2616 Roma
704 2540 783 2615 fora
796 2555 834 2617 et
848 2546 1080 2626 commercia.
1121 2540 1233 2619 Forte
1251 2538 1362 2619 Etru-

279 2653 427 2731 scorum
458 2667 495 2728 22
523 2650 735 2728 Poenorum
773 2678 815 2729 22
847 2654 893 2730 de
929 2677 968 2730 22
998 2657 1100 2734 fuere
1158 2655 1359 2756 pattiones.

283 2766 422 2866 Neque
442 2763 480 2842 id
499 2767 734 2845 ‚statuendum
753 2768 821 2856 est,
849 2764 983 2845 Poenis
1000 2766 1097 2849 Latii
1115 2771 1362 2870 littoraladire

171 2904 174 2911 ’
279 2879 355 2961 hoc
386 2880 538 2957 demum
570 2880 719 2971 foedere
747 2879 816 2957 elle
842 2882 1075 2983 permillum3
1120 2888 1238 2961 immo
1270 2898 1363 2961 tero

169 3032 172 3037 ¹
209 3018 211 3027 ’
283 2994 428 3073 dudum
454 2993 682 3099 fierisolitus
708 2994 865 3073 accellus
894 2997 959 3076 ille
992 3002 1146 3095 nauium
1169 2995 1364 3097 Carthagi·

138 3176 140 3187 ,
280 3110 464 3188 niensrunr
480 3113 663 3189 coercitus
685 3134 793 3188 nunc
812 3113 917 3189 estet
939 3114 1234 3214 circumscriptus
1251 3114 1362 3191 222222

279 3223 437 3324 legibus,

391 3384 454 3473 'Ad
473 3390 610 3473 alterum
627 3388 759 3470 foedus
778 3390 1046 3470 festinabamus.
1092 3393 1166 3471 Sed
1184 3416 1270 3471 ecce
1287 3392 1361 3471 suf-

280 3488 447 3586 flarninat
464 3510 645 3605 impetum
667 3530 807 3607 pompa
822 3506 939 3583 dotia.
1007 3506 1142 3609 Templa
1164 3520 1282 3608 patent
1299 3535 1362 3586 aa·

278 3646 390 3719 resque
404 3660 458 3673 -·
473 3623 672 3719 iungamus
687 3632 773 3698 vota
787 3643 989 3720 precesque
1001 3623 1152 3720 publice
1167 3624 1363 3724 priuatim·

280 3757 356 3836 que
371 3758 576 3835 pacemque
592 3749 629 3811 et
653 3735 867 3815 felicitatem
892 3739 1038 3831 generis
1064 3737 1217 3815 humani
1244 3760 1263 3814 a
1287 3736 1361 3815 deo

279 3872 486 3951 precemur.
516 3900 518 3907 ι
592 3845 663 3934 ΡΡ.Ι
694 3852 735 3929 in
766 3846 935 3946 'Georgia
966 3847 1131 3951 Augusta
1168 3850 1250 3932 Kal.
1285 3849 1358 3937 lul

281 3961 399 4043 cloia
413 3986 600 4051 cccxxx..

605 4168 1020 4200 m
