2992 4992
532 476 818 517 -ιιιι-ιι
1158 468 1213 567 91*

95 687 99 734 ι
125 667 266 743 loniae
289 649 446 743 militurn
467 684 667 741 numerum
685 648 916 766 duplicatum
932 664 1063 748 darent
1076 668 1216 772 stipem

95 805 99 850 r
128 781 362 878 diumque
350 803 388 855 ur
414 777 530 855 millia
554 781 649 866 aeris
675 776 762 855 alles
786 778 971 879 lingulos,
1008 784 1213 889 censusque

96 897 98 962 5
130 898 339 993 quotannis
364 907 535 994 ageretur
552 892 750 970 eformula
766 916 787 969 a
802 890 983 973 Romanis
1001 899 1212 979 censoribus

96 1034 97 1042 ¹
131 1008 225 1083 data
246 1014 307 1106 p)
366 1007 449 1086 Pari
470 1006 586 1085 modo
605 991 794 1085 coloniae
794 1010 998 1087 maritimae
1022 1014 1213 1095 exhaustae
1265 1090 1269 1103 ,

96 1149 97 1166 ³
130 1123 273 1199 sociis
261 1146 300 1197 ιιι
319 1120 445 1200 clalles
464 1120 558 1196 datis
574 1120 942 1201 imstravacationenr
956 1130 1143 1225 petierunt
1155 1127 1214 1227 q),

128 1260 207 1313 nec
229 1241 376 1313 vacatio
399 1234 552 1335 quidem
574 1257 595 1309 a
616 1233 798 1311 militibus
814 1236 945 1313 dandis
964 1262 985 1315 e
1001 1237 1146 1341 legibus
1165 1241 1217 1319 sa.

123 1352 245 1426 cratis
272 1339 466 1452 impetrata
485 1344 546 1449 r).
604 1345 793 1425 Praeclare
807 1348 900 1427 haec
919 1370 989 1453 pro
1006 1356 1165 1457 imperio
1181 1368 1220 1433 et

123 1490 180 1541 ex
214 1470 307 1566 reip.
335 1466 432 1543 forte
461 1465 704 1564 temporibus.
773 1458 833 1541 An
854 1488 941 1543 vero
964 1468 1094 1547 harum
1113 1470 1218 1549 colo.

123 1584 286 1657 niarum
311 1581 479 1662 conditio
496 1580 542 1656 ab
558 1579 633 1657 hoc
650 1577 739 1655 inde
757 1592 927 1679 tempore
945 1583 1026 1661 satir
1043 1583 1218 1687 prospera

122 1720 271 1795 resque
295 1694 469 1803 florentes
497 1694 655 1782 fuerint,
682 1688 813 1771 liuius
828 1700 1035 1777 narratione
1055 1700 1118 1778 sua
1136 1724 1219 1784 nou

122 1810 281 1887 adiecit.
329 1789 525 1887 Tandem
514 1834 555 1888 ru
575 1806 675 1885 bello
690 1808 816 1885 sociali
834 1808 1067 1893 coloniarum
1082 1838 1218 1948 magna

124 1950 222 2027 pars
245 1925 414 2001 aduersus
429 1921 591 2018 Romam
607 1921 854 2022 conspirauit3
883 1926 980 2003 vnde
998 1931 1107 2005 etiam
1126 1932 1217 2009 ciui·
1305 1998 1310 2005 .

123 2055 201 2115 tas·
220 2034 324 2139 Lege
346 2036 442 2117 Iulia
466 2038 583 2117 Sociis
605 2036 688 2113 data
703 2034 864 2114 coloniis
881 2040 1091 2129 nonnullis,
1123 2066 1217 2143 quae

124 2176 233 2231 mox
250 2157 346 2231 inter
362 2154 565 2267 municipia
555 2144 801 2237 censentur,
829 2152 1013 2249 impertita
1033 2150 1103 2228 else
1120 2156 1221 2231 vidc-

123 2282 221 2358 tur3
257 2290 329 2364 qua
351 2268 505 2364 quidem
523 2265 609 2361 lege
628 2273 730 2340 tauta
751 2260 948 2337 hominum
964 2268 1086 2343 omnis
1108 2290 1221 2375 gene·

126 2384 190 2458 ris
224 2379 425 2455 colluuie
416 2403 455 2453 ιιι
478 2379 668 2458 ciuitatem
690 2385 836 2472 recepta
853 2372 1030 2480 suffragiis
1048 2385 1220 2461 comitio·

126 2518 224 2573 rum
252 2494 426 2584 turbatis,
467 2504 509 2570 vt
539 2512 634 2589 resp.
659 2486 790 2589 paullo
809 2490 892 2591 post
915 2490 1135 2588 effetnulla,
1167 2498 1218 2579 est

118 2607 323 2758 offellum.

140 2825 144 2832 ’
255 2813 469 2909 Miseritus
457 2843 596 2929 rtaque,
622 2852 688 2930 qur
678 2830 848 2925 volunt,
875 2837 1098 2967 praeclaram
1112 2828 1218 2917 illam

133 2947 400 3027 Romanorum
422 2944 688 3045 prudentiam
677 2969 717 3024 ιιι
734 2940 904 3049 regendis
923 2964 959 3027 et
981 2952 1021 3025 in
1038 2950 1218 3051 obsequio

134 3060 345 3139 retinendis
369 3059 539 3136 coloniis
609 3055 766 3141 Praestat
782 3050 980 3161 diligenter
997 3063 1140 3150 videre,
1171 3086 1219 3140 ne

136 3201 201 3253 res
226 3178 267 3251 in
292 3199 378 3251 eum
400 3173 531 3253 locum
545 3172 795 3267 adducantur,
828 3178 892 3253 vbi
907 3198 1012 3273 regni
1003 3172 1172 3283 cauffa
1161 3200 1219 3255 rus

138 3288 362 3383 violandum
387 3288 446 3365 est.
510 3282 589 3365 Vbi
613 3289 724 3369 semel
750 3316 786 3368 vr
800 3306 837 3369 et
852 3313 1011 3388 imperio
1025 3312 1137 3389 agere
1156 3306 1219 3375 aut

139 3405 233 3483 licet
252 3418 317 3483 aut
339 3403 467 3490 lubet,
491 3401 677 3501 expedita
703 3400 789 3482 sunt
774 3419 884 3483 tcon
890 3404 974 3482 lrlia
1015 3402 1099 3485 Nec
1115 3410 1219 3509 quic·

140 3546 258 3623 quam
282 3507 394 3598 ineisa
420 3515 544 3593 videas
577 3519 683 3614 quod
711 3544 885 3651 magnam
913 3522 1148 3603 mirationem
1166 3524 1219 3604 ia

142 3658 227 3713 cere
259 3632 386 3734 polilt,
423 3629 540 3707 modo
572 3633 733 3725 viribus,
764 3636 901 3733 copiis,
931 3636 1087 3737 opibus,
1117 3661 1221 3738 prae

527 3778 530 3783 ·
1087 3750 1219 3839 valeas,

194 3941 252 4024 Op)
272 3940 344 4005 Liv.
365 3938 492 4015 xxix,
519 3954 571 4017 15
585 3939 739 4024 stipendii
753 3939 824 4004 sane
840 3938 892 4005 len
907 3940 1018 4006 tributi
1036 3938 1155 4003 summa
1171 3955 1223 3999 ce·

258 4024 336 4087 teris
366 4044 432 4087 non
459 4022 641 4106 responden
675 4022 753 4091 ιιῖιι
774 4025 819 4088 iu
831 4029 992 4093 ιιιιιιιιιι
963 4062 1007 4104 η
1022 4024 1056 4089 ia
1076 4029 1221 4085 ιειιοιι.

257 4107 320 4173 Sed
334 4108 477 4173 laborant
489 4111 593 4177 verbo.

207 4220 253 4306 q)
272 4219 342 4285 Liv.
357 4218 515 4303 XXXVI,
529 4239 564 4302 3.

104 4362 108 4368 ·
207 4329 480 4417 r)xxv11,st·
568 4406 578 4412 .
