<?xml version="1.0" encoding="UTF-8"?>
<!DOCTYPE html PUBLIC "-//W3C//DTD XHTML 1.0 Transitional//EN"
    "http://www.w3.org/TR/xhtml1/DTD/xhtml1-transitional.dtd">
<html xmlns="http://www.w3.org/1999/xhtml" xml:lang="en" lang="en">
 <head>
  <title>
</title>
<meta http-equiv="Content-Type" content="text/html;charset=utf-8" />
  <meta name='ocr-system' content='tesseract 3.04.00' />
  <meta name='ocr-capabilities' content='ocr_page ocr_carea ocr_par ocr_line ocrx_word'/>
</head>
<body>
  <div class='ocr_page' id='page_1' title='image "./opvscvlaacademi02heyngoog/opvscvlaacademi02heyngoog_0031.png"; bbox 0 0 2992 4992; ppageno 0'>
   <div class='ocr_carea' id='block_1_1' title="bbox 161 414 989 583">
    <p class='ocr_par' dir='ltr' id='par_1_1' title="bbox 161 414 989 609">
     <span class='ocr_line' id='line_1_1' title="bbox 161 414 989 583; baseline -0.016 -24"><span class='ocrx_word' id='word_1_1' title='bbox 161 414 357 583; x_wconf 36' lang='grc' dir='ltr'>’,ιι</span> <span class='ocrx_word' id='word_1_2' title='bbox 693 450 989 549; x_wconf 69' lang='grc' dir='ltr'>ἰι-ι</span> 
     </span>
    </p>
   </div>
   <div class='ocr_carea' id='block_1_2' title="bbox 104 626 1373 762">
    <p class='ocr_par' dir='ltr' id='par_1_2' title="bbox 104 626 1373 762">
     <span class='ocr_line' id='line_1_2' title="bbox 104 626 1373 762; baseline -0.013 -7"><span class='ocrx_word' id='word_1_3' title='bbox 104 636 125 762; x_wconf 45' lang='lat'>,⁵</span> <span class='ocrx_word' id='word_1_4' title='bbox 203 626 221 685; x_wconf 16' lang='grc' dir='ltr'>’ἢ</span> <span class='ocrx_word' id='word_1_5' title='bbox 295 658 375 749; x_wconf 72' lang='lat' dir='ltr'>bi⁸3</span> <span class='ocrx_word' id='word_1_6' title='bbox 404 666 512 733; x_wconf 67' lang='lat' dir='ltr'>metu·</span> <span class='ocrx_word' id='word_1_7' title='bbox 523 652 720 745; x_wconf 70' lang='lat' dir='ltr'>vernido,</span> <span class='ocrx_word' id='word_1_8' title='bbox 736 658 807 755; x_wconf 80' lang='lat' dir='ltr'>qui</span> <span class='ocrx_word' id='word_1_9' title='bbox 823 652 1011 757; x_wconf 86' lang='lat' dir='ltr'>superiore</span> <span class='ocrx_word' id='word_1_10' title='bbox 1027 672 1259 748; x_wconf 78' lang='lat' dir='ltr'>anno,.cum‘</span> <span class='ocrx_word' id='word_1_11' title='bbox 1267 658 1373 739; x_wconf 90' lang='lat' dir='ltr'>hunc</span> 
     </span>
    </p>
   </div>
   <div class='ocr_carea' id='block_1_3' title="bbox 249 770 1375 1229">
    <p class='ocr_par' dir='ltr' id='par_1_3' title="bbox 249 770 1375 1215">
     <span class='ocr_line' id='line_1_3' title="bbox 249 770 1375 871; baseline 0.004 -26"><span class='ocrx_word' id='word_1_12' title='bbox 249 840 252 845; x_wconf 89' lang='grc'><em>,</em></span> <span class='ocrx_word' id='word_1_13' title='bbox 297 772 396 849; x_wconf 89' lang='lat' dir='ltr'>diem</span> <span class='ocrx_word' id='word_1_14' title='bbox 410 770 690 861; x_wconf 82' lang='lat' dir='ltr'>celebraremus,</span> <span class='ocrx_word' id='word_1_15' title='bbox 712 772 1019 859; x_wconf 81' lang='lat' dir='ltr'>animosnostr&#39;os</span> <span class='ocrx_word' id='word_1_16' title='bbox 1033 794 1112 848; x_wconf 92' lang='lat' dir='ltr'>non</span> <span class='ocrx_word' id='word_1_17' title='bbox 1127 794 1260 871; x_wconf 89' lang='lat' dir='ltr'>parum</span> <span class='ocrx_word' id='word_1_18' title='bbox 1273 772 1375 851; x_wconf 90' lang='lat' dir='ltr'>solli-</span> 
     </span>
     <span class='ocr_line' id='line_1_4' title="bbox 296 884 1375 988; baseline -0.001 -22"><span class='ocrx_word' id='word_1_19' title='bbox 296 890 390 966; x_wconf 89' lang='lat' dir='ltr'>citos</span> <span class='ocrx_word' id='word_1_20' title='bbox 409 884 580 975; x_wconf 91' lang='lat' dir='ltr'>haberet,</span> <span class='ocrx_word' id='word_1_21' title='bbox 621 910 670 963; x_wconf 87' lang='lat' dir='ltr'>ne</span> <span class='ocrx_word' id='word_1_22' title='bbox 694 885 785 961; x_wconf 89' lang='lat' dir='ltr'>belli</span> <span class='ocrx_word' id='word_1_23' title='bbox 804 886 923 963; x_wconf 73' lang='lat' dir='ltr'>nimiis</span> <span class='ocrx_word' id='word_1_24' title='bbox 940 910 1007 987; x_wconf 89' lang='lat' dir='ltr'>per</span> <span class='ocrx_word' id='word_1_25' title='bbox 1023 884 1262 964; x_wconf 82' lang='lat' dir='ltr'>Germaniam</span> <span class='ocrx_word' id='word_1_26' title='bbox 1276 888 1375 988; x_wconf 84' lang='lat' dir='ltr'>spar-</span> 
     </span>
     <span class='ocr_line' id='line_1_5' title="bbox 294 999 1374 1105; baseline 0 -24"><span class='ocrx_word' id='word_1_27' title='bbox 294 1018 447 1105; x_wconf 81' lang='lat' dir='ltr'>geretur</span> <span class='ocrx_word' id='word_1_28' title='bbox 472 1002 581 1081; x_wconf 88' lang='lat' dir='ltr'>latius</span> <span class='ocrx_word' id='word_1_29' title='bbox 606 1000 827 1101; x_wconf 79' lang='lat' dir='ltr'><strong>incendium</strong></span> <span class='ocrx_word' id='word_1_30' title='bbox 850 999 1066 1103; x_wconf 82' lang='lat' dir='ltr'>finrbusqne</span> <span class='ocrx_word' id='word_1_31' title='bbox 1078 1001 1293 1100; x_wconf 80' lang='lat' dir='ltr'>anquando</span> <span class='ocrx_word' id='word_1_32' title='bbox 1304 1028 1374 1081; x_wconf 89' lang='lat' dir='ltr'>no-</span> 
     </span>
     <span class='ocr_line' id='line_1_6' title="bbox 296 1114 1375 1229; baseline 0 -33"><span class='ocrx_word' id='word_1_33' title='bbox 296 1120 376 1197; x_wconf 88' lang='lat' dir='ltr'>stris</span> <span class='ocrx_word' id='word_1_34' title='bbox 402 1119 578 1215; x_wconf 88' lang='lat' dir='ltr'>contagio</span> <span class='ocrx_word' id='word_1_35' title='bbox 593 1114 726 1229; x_wconf 89' lang='lat' dir='ltr'>aliquo</span> <span class='ocrx_word' id='word_1_36' title='bbox 745 1115 1035 1205; x_wconf 86' lang='lat' dir='ltr'>adhaeresceret,</span> <span class='ocrx_word' id='word_1_37' title='bbox 1070 1115 1237 1209; x_wconf 78' lang='lat' dir='ltr'>sublat03</span> <span class='ocrx_word' id='word_1_38' title='bbox 1260 1120 1314 1194; x_wconf 89' lang='lat' dir='ltr'>ita</span> <span class='ocrx_word' id='word_1_39' title='bbox 1334 1133 1375 1197; x_wconf 88' lang='lat' dir='ltr'>vt</span> 
     </span>
    </p>
   </div>
   <div class='ocr_carea' id='block_1_4' title="bbox 133 1230 1375 1334">
    <p class='ocr_par' dir='ltr' id='par_1_4' title="bbox 133 1230 1375 1334">
     <span class='ocr_line' id='line_1_7' title="bbox 133 1230 1375 1334; baseline 0.001 -24"><span class='ocrx_word' id='word_1_40' title='bbox 133 1301 136 1310; x_wconf 23' lang='grc' dir='ltr'>ι</span> <span class='ocrx_word' id='word_1_41' title='bbox 234 1314 252 1334; x_wconf 79' lang='lat'>-.</span> <span class='ocrx_word' id='word_1_42' title='bbox 297 1258 400 1326; x_wconf 86' lang='lat' dir='ltr'>nunc</span> <span class='ocrx_word' id='word_1_43' title='bbox 432 1230 582 1332; x_wconf 85' lang='lat' dir='ltr'>superfit</span> <span class='ocrx_word' id='word_1_44' title='bbox 613 1242 732 1307; x_wconf 81' lang='lat' dir='ltr'>vnum·</span> <span class='ocrx_word' id='word_1_45' title='bbox 760 1230 856 1324; x_wconf 75' lang='lat' dir='ltr'>illud</span> <span class='ocrx_word' id='word_1_46' title='bbox 881 1243 1066 1307; x_wconf 88' lang='lat' dir='ltr'>votorum</span> <span class='ocrx_word' id='word_1_47' title='bbox 1091 1253 1230 1331; x_wconf 86' lang='lat' dir='ltr'>genus,</span> <span class='ocrx_word' id='word_1_48' title='bbox 1265 1234 1375 1332; x_wconf 92' lang='lat' dir='ltr'>quod</span> 
     </span>
    </p>
   </div>
   <div class='ocr_carea' id='block_1_5' title="bbox 194 1344 1376 1679">
    <p class='ocr_par' dir='ltr' id='par_1_5' title="bbox 194 1344 1376 1679">
     <span class='ocr_line' id='line_1_8' title="bbox 294 1344 1376 1469; baseline 0.001 -42"><span class='ocrx_word' id='word_1_49' title='bbox 294 1364 373 1469; x_wconf 67' lang='lat' dir='ltr'>pro</span> <span class='ocrx_word' id='word_1_50' title='bbox 391 1344 600 1427; x_wconf 85' lang='lat' dir='ltr'><strong>Occidente</strong></span> <span class='ocrx_word' id='word_1_51' title='bbox 619 1345 789 1461; x_wconf 82' lang='lat' dir='ltr'>pacando</span> <span class='ocrx_word' id='word_1_52' title='bbox 812 1346 999 1446; x_wconf 54' lang='lat' dir='ltr'>facimus?</span> <span class='ocrx_word' id='word_1_53' title='bbox 1017 1345 1122 1444; x_wconf 84' lang='lat' dir='ltr'>quod</span> <span class='ocrx_word' id='word_1_54' title='bbox 1145 1359 1268 1424; x_wconf 85' lang='lat' dir='ltr'>tamen</span> <span class='ocrx_word' id='word_1_55' title='bbox 1291 1371 1376 1428; x_wconf 91' lang='lat' dir='ltr'>non</span> 
     </span>
     <span class='ocr_line' id='line_1_9' title="bbox 194 1437 1371 1562; baseline -0.001 -22"><span class='ocrx_word' id='word_1_56' title='bbox 194 1472 200 1481; x_wconf 88' lang='lat'><em>&#39;</em></span> <span class='ocrx_word' id='word_1_57' title='bbox 296 1437 474 1541; x_wconf 82' lang='lat' dir='ltr'>remiffius</span> <span class='ocrx_word' id='word_1_58' title='bbox 506 1473 570 1537; x_wconf 87' lang='lat' dir='ltr'>aut</span> <span class='ocrx_word' id='word_1_59' title='bbox 605 1452 774 1562; x_wconf 86' lang='lat' dir='ltr'>segnius,</span> <span class='ocrx_word' id='word_1_60' title='bbox 820 1457 881 1535; x_wconf 88' lang='lat' dir='ltr'>sed</span> <span class='ocrx_word' id='word_1_61' title='bbox 913 1481 959 1536; x_wconf 90' lang='lat' dir='ltr'>eo</span> <span class='ocrx_word' id='word_1_62' title='bbox 984 1451 1177 1536; x_wconf 84' lang='lat' dir='ltr'>ardentius</span> <span class='ocrx_word' id='word_1_63' title='bbox 1201 1460 1371 1553; x_wconf 88' lang='lat' dir='ltr'>facimus,</span> 
     </span>
     <span class='ocr_line' id='line_1_10' title="bbox 295 1573 1372 1679; baseline -0.002 -24"><span class='ocrx_word' id='word_1_64' title='bbox 295 1601 391 1679; x_wconf 91' lang='lat' dir='ltr'>quo</span> <span class='ocrx_word' id='word_1_65' title='bbox 388 1576 530 1673; x_wconf 29' lang='grc' dir='ltr'>Ὕιιιςίε</span> <span class='ocrx_word' id='word_1_66' title='bbox 557 1580 643 1650; x_wconf 87' lang='lat' dir='ltr'>cuin</span> <span class='ocrx_word' id='word_1_67' title='bbox 658 1573 895 1649; x_wconf 89' lang='lat' dir='ltr'>humanitatis</span> <span class='ocrx_word' id='word_1_68' title='bbox 916 1577 1202 1673; x_wconf 90' lang='lat' dir='ltr'>communisque</span> <span class='ocrx_word' id='word_1_69' title='bbox 1220 1591 1372 1655; x_wconf 88' lang='lat' dir='ltr'>naturae</span> 
     </span>
    </p>
   </div>
   <div class='ocr_carea' id='block_1_6' title="bbox 226 1684 1417 2253">
    <p class='ocr_par' dir='ltr' id='par_1_6' title="bbox 271 1684 1372 2020">
     <span class='ocr_line' id='line_1_11' title="bbox 271 1684 1372 1791; baseline -0.002 -22"><span class='ocrx_word' id='word_1_70' title='bbox 271 1700 274 1717; x_wconf 69' lang='lat'>⁴</span> <span class='ocrx_word' id='word_1_71' title='bbox 295 1716 339 1769; x_wconf 88' lang='lat' dir='ltr'>ac</span> <span class='ocrx_word' id='word_1_72' title='bbox 356 1687 626 1768; x_wconf 80' lang='lat' dir='ltr'>neceiirrudinis</span> <span class='ocrx_word' id='word_1_73' title='bbox 644 1684 778 1778; x_wconf 84' lang='lat' dir='ltr'>cauffa,</span> <span class='ocrx_word' id='word_1_74' title='bbox 809 1702 891 1765; x_wconf 88' lang='lat' dir='ltr'>tum</span> <span class='ocrx_word' id='word_1_75' title='bbox 905 1685 1020 1787; x_wconf 82' lang='lat' dir='ltr'>Regis</span> <span class='ocrx_word' id='word_1_76' title='bbox 1037 1690 1150 1770; x_wconf 84' lang='lat' dir='ltr'>nostri</span> <span class='ocrx_word' id='word_1_77' title='bbox 1166 1688 1372 1791; x_wconf 81' lang='lat' dir='ltr'>Indulgen-</span> 
     </span>
     <span class='ocr_line' id='line_1_12' title="bbox 271 1803 1372 1904; baseline 0.002 -22"><span class='ocrx_word' id='word_1_78' title='bbox 271 1804 417 1882; x_wconf 83' lang='lat' dir='ltr'>&#39;tiffimi</span> <span class='ocrx_word' id='word_1_79' title='bbox 443 1804 579 1902; x_wconf 87' lang='lat' dir='ltr'>gratia,</span> <span class='ocrx_word' id='word_1_80' title='bbox 613 1818 727 1901; x_wconf 72' lang='lat' dir='ltr'>quem</span> <span class='ocrx_word' id='word_1_81' title='bbox 750 1805 854 1893; x_wconf 91' lang='lat' dir='ltr'>omni</span> <span class='ocrx_word' id='word_1_82' title='bbox 878 1803 1125 1904; x_wconf 85' lang='lat' dir='ltr'>prosperitatis</span> <span class='ocrx_word' id='word_1_83' title='bbox 1148 1822 1284 1903; x_wconf 87' lang='lat' dir='ltr'>genere</span> <span class='ocrx_word' id='word_1_84' title='bbox 1306 1830 1372 1884; x_wconf 90' lang='lat' dir='ltr'>cu-</span> 
     </span>
     <span class='ocr_line' id='line_1_13' title="bbox 272 1918 1367 2020; baseline 0.001 -23"><span class='ocrx_word' id='word_1_85' title='bbox 272 1918 484 2014; x_wconf 81' lang='lat' dir='ltr'>mulatum</span> <span class='ocrx_word' id='word_1_86' title='bbox 513 1918 653 2017; x_wconf 82' lang='lat' dir='ltr'>vtinam</span> <span class='ocrx_word' id='word_1_87' title='bbox 691 1918 923 2006; x_wconf 83' lang='lat' dir='ltr'>videremus,</span> <span class='ocrx_word' id='word_1_88' title='bbox 959 1932 1045 1993; x_wconf 84' lang='lat' dir='ltr'>vota</span> <span class='ocrx_word' id='word_1_89' title='bbox 1072 1941 1114 1994; x_wconf 90' lang='lat' dir='ltr'>ea</span> <span class='ocrx_word' id='word_1_90' title='bbox 1134 1918 1367 2020; x_wconf 81' lang='lat' dir='ltr'>suscipimus,</span> 
     </span>
    </p>

    <p class='ocr_par' dir='ltr' id='par_1_7' title="bbox 226 2028 1417 2253">
     <span class='ocr_line' id='line_1_14' title="bbox 226 2028 1369 2137; baseline 0.001 -26"><span class='ocrx_word' id='word_1_91' title='bbox 226 2028 227 2033; x_wconf 55' lang='lat'>‘</span> <span class='ocrx_word' id='word_1_92' title='bbox 295 2056 503 2137; x_wconf 85' lang='lat' dir='ltr'>pacemque</span> <span class='ocrx_word' id='word_1_93' title='bbox 532 2033 905 2131; x_wconf 60' lang='lat' dir='ltr'>actranquiilitatem</span> <span class='ocrx_word' id='word_1_94' title='bbox 929 2045 1109 2120; x_wconf 82' lang='lat' dir='ltr'>terrarum</span> <span class='ocrx_word' id='word_1_95' title='bbox 1127 2036 1210 2129; x_wconf 84' lang='lat' dir='ltr'>orbi</span> <span class='ocrx_word' id='word_1_96' title='bbox 1224 2039 1369 2133; x_wconf 84' lang='lat' dir='ltr'>generi-</span> 
     </span>
     <span class='ocr_line' id='line_1_15' title="bbox 250 2144 1417 2253; baseline -0.003 -24"><span class='ocrx_word' id='word_1_97' title='bbox 250 2164 255 2171; x_wconf 91' lang='grc'><strong>“</strong></span> <span class='ocrx_word' id='word_1_98' title='bbox 293 2174 368 2253; x_wconf 90' lang='lat' dir='ltr'>que</span> <span class='ocrx_word' id='word_1_99' title='bbox 400 2148 566 2225; x_wconf 90' lang='lat' dir='ltr'>humano</span> <span class='ocrx_word' id='word_1_100' title='bbox 590 2147 791 2223; x_wconf 89' lang='lat' dir='ltr'>restitutam</span> <span class='ocrx_word' id='word_1_101' title='bbox 819 2150 1000 2247; x_wconf 89' lang='lat' dir='ltr'>cupimus.</span> <span class='ocrx_word' id='word_1_102' title='bbox 1068 2144 1219 2225; x_wconf 84' lang='lat' dir='ltr'>Interea</span> <span class='ocrx_word' id='word_1_103' title='bbox 1238 2174 1279 2225; x_wconf 90' lang='lat' dir='ltr'>ea</span> <span class='ocrx_word' id='word_1_104' title='bbox 1303 2149 1369 2225; x_wconf 84' lang='lat' dir='ltr'>sal·</span> <span class='ocrx_word' id='word_1_105' title='bbox 1412 2161 1417 2246; x_wconf 55' lang='grc' dir='ltr'>ξ</span> 
     </span>
    </p>
   </div>
   <div class='ocr_carea' id='block_1_7' title="bbox 189 2262 1417 2824">
    <p class='ocr_par' dir='ltr' id='par_1_8' title="bbox 189 2262 1417 2824">
     <span class='ocr_line' id='line_1_16' title="bbox 291 2262 1417 2368; baseline -0.001 -25"><span class='ocrx_word' id='word_1_106' title='bbox 291 2280 369 2343; x_wconf 90' lang='lat' dir='ltr'>tem</span> <span class='ocrx_word' id='word_1_107' title='bbox 393 2264 558 2341; x_wconf 87' lang='lat' dir='ltr'>fruamur</span> <span class='ocrx_word' id='word_1_108' title='bbox 581 2262 776 2353; x_wconf 79' lang='lat' dir='ltr'>felicitate,</span> <span class='ocrx_word' id='word_1_109' title='bbox 807 2284 902 2368; x_wconf 83' lang='lat' dir='ltr'>quae</span> <span class='ocrx_word' id='word_1_110' title='bbox 917 2262 1049 2339; x_wconf 91' lang='lat' dir='ltr'>diuino</span> <span class='ocrx_word' id='word_1_111' title='bbox 1071 2262 1199 2363; x_wconf 92' lang='lat' dir='ltr'>aliquo</span> <span class='ocrx_word' id='word_1_112' title='bbox 1214 2289 1373 2343; x_wconf 88' lang='lat' dir='ltr'>munere</span> <span class='ocrx_word' id='word_1_113' title='bbox 1413 2275 1417 2358; x_wconf 46' lang='grc' dir='ltr'><em>ξ</em></span> 
     </span>
     <span class='ocr_line' id='line_1_17' title="bbox 253 2373 1417 2480; baseline 0 -23"><span class='ocrx_word' id='word_1_114' title='bbox 253 2374 258 2384; x_wconf 83' lang='grc'><strong><em>’</em></strong></span> <span class='ocrx_word' id='word_1_115' title='bbox 292 2404 337 2457; x_wconf 88' lang='lat' dir='ltr'>ac</span> <span class='ocrx_word' id='word_1_116' title='bbox 352 2376 545 2457; x_wconf 75' lang='lat' dir='ltr'>beneficio</span> <span class='ocrx_word' id='word_1_117' title='bbox 571 2378 680 2455; x_wconf 87' lang='lat' dir='ltr'>nobis</span> <span class='ocrx_word' id='word_1_118' title='bbox 704 2379 883 2477; x_wconf 88' lang='lat' dir='ltr'>contigit,</span> <span class='ocrx_word' id='word_1_119' title='bbox 921 2392 959 2453; x_wconf 91' lang='lat' dir='ltr'>et</span> <span class='ocrx_word' id='word_1_120' title='bbox 979 2377 1111 2460; x_wconf 87' lang='lat' dir='ltr'>oculos</span> <span class='ocrx_word' id='word_1_121' title='bbox 1128 2382 1367 2480; x_wconf 87' lang='lat' dir='ltr'>animumque</span> <span class='ocrx_word' id='word_1_122' title='bbox 1392 2373 1417 2442; x_wconf 63' lang='grc' dir='ltr'>ἦ</span> 
     </span>
     <span class='ocr_line' id='line_1_18' title="bbox 294 2490 1415 2589; baseline -0.002 -16"><span class='ocrx_word' id='word_1_123' title='bbox 294 2508 503 2574; x_wconf 82' lang='lat' dir='ltr'>recreemus</span> <span class='ocrx_word' id='word_1_124' title='bbox 539 2490 708 2588; x_wconf 70' lang='lat' dir='ltr'>adspectu</span> <span class='ocrx_word' id='word_1_125' title='bbox 745 2504 784 2567; x_wconf 88' lang='lat' dir='ltr'>et</span> <span class='ocrx_word' id='word_1_126' title='bbox 818 2494 1045 2589; x_wconf 85' lang='lat' dir='ltr'>cogitatione</span> <span class='ocrx_word' id='word_1_127' title='bbox 1066 2492 1197 2571; x_wconf 88' lang='lat' dir='ltr'>laetius</span> <span class='ocrx_word' id='word_1_128' title='bbox 1222 2496 1264 2583; x_wconf 83' lang='lat' dir='ltr'>in</span> <span class='ocrx_word' id='word_1_129' title='bbox 1283 2496 1364 2582; x_wconf 60' lang='lat' dir='ltr'>,dies</span> <span class='ocrx_word' id='word_1_130' title='bbox 1413 2537 1415 2561; x_wconf 57' lang='grc' dir='ltr'>ι</span> 
     </span>
     <span class='ocr_line' id='line_1_19' title="bbox 189 2604 1367 2701; baseline 0.003 -18"><span class='ocrx_word' id='word_1_131' title='bbox 189 2651 192 2659; x_wconf 54' lang='lat'><em>1</em></span> <span class='ocrx_word' id='word_1_132' title='bbox 254 2690 268 2701; x_wconf 22' lang='lat'>¹,</span> <span class='ocrx_word' id='word_1_133' title='bbox 294 2604 552 2684; x_wconf 88' lang='lat' dir='ltr'>efflorescentis</span> <span class='ocrx_word' id='word_1_134' title='bbox 578 2605 633 2679; x_wconf 91' lang='lat' dir='ltr'>rei</span> <span class='ocrx_word' id='word_1_135' title='bbox 657 2604 884 2681; x_wconf 86' lang='lat' dir='ltr'>academicae</span> <span class='ocrx_word' id='word_1_136' title='bbox 907 2604 1064 2681; x_wconf 81' lang='lat' dir='ltr'>nostrae.</span> <span class='ocrx_word' id='word_1_137' title='bbox 1095 2694 1098 2700; x_wconf 21' lang='lat'>¹</span> <span class='ocrx_word' id='word_1_138' title='bbox 1131 2606 1247 2701; x_wconf 89' lang='lat' dir='ltr'>Quod</span> <span class='ocrx_word' id='word_1_139' title='bbox 1267 2613 1367 2687; x_wconf 89' lang='lat' dir='ltr'>enirn</span> 
     </span>
     <span class='ocr_line' id='line_1_20' title="bbox 292 2713 1369 2824; baseline 0.002 -25"><span class='ocrx_word' id='word_1_140' title='bbox 292 2734 357 2801; x_wconf 87' lang='lat' dir='ltr'>aut</span> <span class='ocrx_word' id='word_1_141' title='bbox 382 2713 570 2795; x_wconf 86' lang='lat' dir='ltr'>bonorum</span> <span class='ocrx_word' id='word_1_142' title='bbox 587 2732 650 2795; x_wconf 89' lang='lat' dir='ltr'>aut</span> <span class='ocrx_word' id='word_1_143' title='bbox 665 2732 972 2795; x_wconf 90' lang='lat' dir='ltr'>ornamentorum</span> <span class='ocrx_word' id='word_1_144' title='bbox 990 2742 1137 2817; x_wconf 89' lang='lat' dir='ltr'>genus,·</span> <span class='ocrx_word' id='word_1_145' title='bbox 1161 2725 1265 2822; x_wconf 93' lang='lat' dir='ltr'>quod</span> <span class='ocrx_word' id='word_1_146' title='bbox 1284 2728 1369 2824; x_wconf 89' lang='lat' dir='ltr'>qui-</span> 
     </span>
    </p>
   </div>
   <div class='ocr_carea' id='block_1_8' title="bbox 142 2830 1367 2935">
    <p class='ocr_par' dir='ltr' id='par_1_9' title="bbox 142 2830 1367 2935">
     <span class='ocr_line' id='line_1_21' title="bbox 142 2830 1367 2935; baseline 0.003 -23"><span class='ocrx_word' id='word_1_147' title='bbox 142 2873 145 2887; x_wconf 91' lang='lat'><strong>·</strong></span> <span class='ocrx_word' id='word_1_148' title='bbox 173 2903 176 2910; x_wconf 92' lang='lat'><em>.</em></span> <span class='ocrx_word' id='word_1_149' title='bbox 203 2894 211 2909; x_wconf 64' lang='lat'>,</span> <span class='ocrx_word' id='word_1_150' title='bbox 242 2848 244 2851; x_wconf 83' lang='grc'><strong>’</strong></span> <span class='ocrx_word' id='word_1_151' title='bbox 293 2837 380 2913; x_wconf 89' lang='lat' dir='ltr'>dem</span> <span class='ocrx_word' id='word_1_152' title='bbox 410 2846 474 2909; x_wconf 89' lang='lat' dir='ltr'>aut</span> <span class='ocrx_word' id='word_1_153' title='bbox 496 2832 671 2909; x_wconf 88' lang='lat' dir='ltr'>traditum</span> <span class='ocrx_word' id='word_1_154' title='bbox 690 2834 799 2908; x_wconf 89' lang='lat' dir='ltr'>nobis</span> <span class='ocrx_word' id='word_1_155' title='bbox 822 2830 928 2922; x_wconf 84' lang='lat' dir='ltr'>srtab</span> <span class='ocrx_word' id='word_1_156' title='bbox 951 2834 1014 2924; x_wconf 89' lang='lat' dir='ltr'>iis,</span> <span class='ocrx_word' id='word_1_157' title='bbox 1046 2839 1183 2935; x_wconf 89' lang='lat' dir='ltr'>quibus</span> <span class='ocrx_word' id='word_1_158' title='bbox 1203 2839 1367 2917; x_wconf 89' lang='lat' dir='ltr'>nossuc-</span> 
     </span>
    </p>
   </div>
   <div class='ocr_carea' id='block_1_9' title="bbox 166 2947 1414 4365">
    <p class='ocr_par' dir='ltr' id='par_1_10' title="bbox 166 2947 1414 4315">
     <span class='ocr_line' id='line_1_22' title="bbox 293 2947 1364 3048; baseline 0.001 -20"><span class='ocrx_word' id='word_1_159' title='bbox 293 2947 482 3037; x_wconf 76' lang='lat' dir='ltr'>c&#39;effimus,</span> <span class='ocrx_word' id='word_1_160' title='bbox 521 2960 584 3024; x_wconf 90' lang='lat' dir='ltr'>aut</span> <span class='ocrx_word' id='word_1_161' title='bbox 609 2949 729 3023; x_wconf 84' lang='lat' dir='ltr'>nostra</span> <span class='ocrx_word' id='word_1_162' title='bbox 752 2949 888 3030; x_wconf 82' lang='lat' dir='ltr'>virtute</span> <span class='ocrx_word' id='word_1_163' title='bbox 909 2961 1077 3048; x_wconf 87' lang='lat' dir='ltr'>partum,</span> <span class='ocrx_word' id='word_1_164' title='bbox 1106 2968 1169 3026; x_wconf 89' lang='lat' dir='ltr'>aut</span> <span class='ocrx_word' id='word_1_165' title='bbox 1184 2952 1311 3031; x_wconf 87' lang='lat' dir='ltr'>labore</span> <span class='ocrx_word' id='word_1_166' title='bbox 1328 2967 1364 3031; x_wconf 89' lang='lat' dir='ltr'>et</span> 
     </span>
     <span class='ocr_line' id='line_1_23' title="bbox 291 3060 1365 3165; baseline 0.002 -22"><span class='ocrx_word' id='word_1_167' title='bbox 291 3064 467 3143; x_wconf 87' lang='lat' dir='ltr'>industria</span> <span class='ocrx_word' id='word_1_168' title='bbox 493 3060 718 3161; x_wconf 84' lang='lat' dir='ltr'>quaesrtum,</span> <span class='ocrx_word' id='word_1_169' title='bbox 765 3062 839 3138; x_wconf 89' lang='lat' dir='ltr'>dici</span> <span class='ocrx_word' id='word_1_170' title='bbox 863 3065 1002 3161; x_wconf 86' lang='lat' dir='ltr'>potest,</span> <span class='ocrx_word' id='word_1_171' title='bbox 1040 3066 1144 3165; x_wconf 92' lang='lat' dir='ltr'>quod</span> <span class='ocrx_word' id='word_1_172' title='bbox 1168 3092 1246 3144; x_wconf 93' lang='lat' dir='ltr'>non</span> <span class='ocrx_word' id='word_1_173' title='bbox 1269 3071 1365 3146; x_wconf 90' lang='lat' dir='ltr'>inte-</span> 
     </span>
     <span class='ocr_line' id='line_1_24' title="bbox 290 3176 1366 3282; baseline 0.005 -26"><span class='ocrx_word' id='word_1_174' title='bbox 290 3194 400 3281; x_wconf 86' lang='lat' dir='ltr'>grum</span> <span class='ocrx_word' id='word_1_175' title='bbox 423 3192 460 3255; x_wconf 91' lang='lat' dir='ltr'>et</span> <span class='ocrx_word' id='word_1_176' title='bbox 474 3177 659 3263; x_wconf 83' lang='lat' dir='ltr'>illibatum</span> <span class='ocrx_word' id='word_1_177' title='bbox 678 3176 1011 3265; x_wconf 82' lang='lat' dir='ltr'>fit,mu1taeuam</span> <span class='ocrx_word' id='word_1_178' title='bbox 1028 3177 1097 3255; x_wconf 83' lang='lat' dir='ltr'>fior</span> <span class='ocrx_word' id='word_1_179' title='bbox 1112 3182 1212 3259; x_wconf 75' lang='lat' dir='ltr'>auda</span> <span class='ocrx_word' id='word_1_180' title='bbox 1228 3188 1366 3282; x_wconf 86' lang='lat' dir='ltr'>magis-</span> 
     </span>
     <span class='ocr_line' id='line_1_25' title="bbox 166 3290 1414 3408; baseline 0.006 -39"><span class='ocrx_word' id='word_1_181' title='bbox 166 3362 173 3389; x_wconf 74' lang='lat'>,</span> <span class='ocrx_word' id='word_1_182' title='bbox 292 3318 366 3408; x_wconf 83' lang='lat' dir='ltr'>que</span> <span class='ocrx_word' id='word_1_183' title='bbox 392 3290 604 3371; x_wconf 82' lang='lat' dir='ltr'>cumulata?</span> <span class='ocrx_word' id='word_1_184' title='bbox 640 3290 727 3369; x_wconf 90' lang='lat' dir='ltr'>Nec</span> <span class='ocrx_word' id='word_1_185' title='bbox 753 3314 842 3370; x_wconf 88' lang='lat' dir='ltr'>vero</span> <span class='ocrx_word' id='word_1_186' title='bbox 868 3307 908 3369; x_wconf 86' lang='lat' dir='ltr'>vt</span> <span class='ocrx_word' id='word_1_187' title='bbox 932 3318 990 3371; x_wconf 89' lang='lat' dir='ltr'>res</span> <span class='ocrx_word' id='word_1_188' title='bbox 1015 3296 1153 3382; x_wconf 77' lang='lat' dir='ltr'>noiiras</span> <span class='ocrx_word' id='word_1_189' title='bbox 1169 3298 1363 3376; x_wconf 86' lang='lat' dir='ltr'>laudemus</span> <span class='ocrx_word' id='word_1_190' title='bbox 1413 3399 1414 3403; x_wconf 7' lang='grc' dir='ltr'><strong><em>Ν</em></strong></span> 
     </span>
     <span class='ocr_line' id='line_1_26' title="bbox 288 3405 1367 3500; baseline 0.006 -15"><span class='ocrx_word' id='word_1_191' title='bbox 288 3432 331 3485; x_wconf 88' lang='lat' dir='ltr'>ac</span> <span class='ocrx_word' id='word_1_192' title='bbox 347 3407 673 3497; x_wconf 89' lang='lat' dir='ltr'>commendemus,</span> <span class='ocrx_word' id='word_1_193' title='bbox 701 3405 792 3482; x_wconf 87' lang='lat' dir='ltr'>haec</span> <span class='ocrx_word' id='word_1_194' title='bbox 810 3430 1164 3500; x_wconf 88' lang='lat' dir='ltr'>commemoramus,</span> <span class='ocrx_word' id='word_1_195' title='bbox 1188 3411 1367 3492; x_wconf 86' lang='lat' dir='ltr'>sedcom-</span> 
     </span>
     <span class='ocr_line' id='line_1_27' title="bbox 219 3518 1365 3627; baseline 0.01 -29"><span class='ocrx_word' id='word_1_196' title='bbox 219 3580 226 3585; x_wconf 86' lang='lat'>.</span> <span class='ocrx_word' id='word_1_197' title='bbox 289 3519 535 3599; x_wconf 85' lang='lat' dir='ltr'>memorando</span> <span class='ocrx_word' id='word_1_198' title='bbox 551 3534 591 3596; x_wconf 86' lang='lat' dir='ltr'>vt</span> <span class='ocrx_word' id='word_1_199' title='bbox 607 3518 701 3598; x_wconf 84' lang='lat' dir='ltr'>rllud</span> <span class='ocrx_word' id='word_1_200' title='bbox 719 3518 941 3612; x_wconf 85' lang='lat' dir='ltr'>efficiamus,</span> <span class='ocrx_word' id='word_1_201' title='bbox 970 3540 1010 3601; x_wconf 88' lang='lat' dir='ltr'>vt</span> <span class='ocrx_word' id='word_1_202' title='bbox 1027 3539 1219 3624; x_wconf 88' lang='lat' dir='ltr'>appareat,</span> <span class='ocrx_word' id='word_1_203' title='bbox 1246 3549 1365 3627; x_wconf 87' lang='lat' dir='ltr'>quan-</span> 
     </span>
     <span class='ocr_line' id='line_1_28' title="bbox 286 3633 1363 3734; baseline 0.006 -21"><span class='ocrx_word' id='word_1_204' title='bbox 286 3650 367 3715; x_wconf 87' lang='lat' dir='ltr'>tum</span> <span class='ocrx_word' id='word_1_205' title='bbox 391 3633 701 3734; x_wconf 79' lang='lat' dir='ltr'>fingulaiialicui</span> <span class='ocrx_word' id='word_1_206' title='bbox 727 3637 1010 3716; x_wconf 88' lang='lat' dir='ltr'>beneuolentiae</span> <span class='ocrx_word' id='word_1_207' title='bbox 1033 3641 1196 3720; x_wconf 88' lang='lat' dir='ltr'>numinis</span> <span class='ocrx_word' id='word_1_208' title='bbox 1213 3655 1251 3726; x_wconf 74' lang='lat' dir='ltr'>et</span> <span class='ocrx_word' id='word_1_209' title='bbox 1265 3656 1363 3725; x_wconf 86' lang='lat' dir='ltr'>tute-</span> 
     </span>
     <span class='ocr_line' id='line_1_29' title="bbox 283 3748 1359 3859; baseline 0.003 -27"><span class='ocrx_word' id='word_1_210' title='bbox 283 3753 348 3832; x_wconf 78' lang='lat' dir='ltr'>lae.</span> <span class='ocrx_word' id='word_1_211' title='bbox 370 3751 582 3832; x_wconf 84' lang='lat' dir='ltr'>debeamus.</span> <span class='ocrx_word' id='word_1_212' title='bbox 640 3748 725 3829; x_wconf 88' lang='lat' dir='ltr'>Siue</span> <span class='ocrx_word' id='word_1_213' title='bbox 750 3755 849 3829; x_wconf 90' lang='lat' dir='ltr'>enim</span> <span class='ocrx_word' id='word_1_214' title='bbox 873 3754 1088 3832; x_wconf 88' lang='lat' dir='ltr'>interiorem</span> <span class='ocrx_word' id='word_1_215' title='bbox 1108 3756 1252 3859; x_wconf 72' lang='lat' dir='ltr'>nostrae</span> <span class='ocrx_word' id='word_1_216' title='bbox 1267 3760 1359 3859; x_wconf 90' lang='lat' dir='ltr'>reip.</span> 
     </span>
     <span class='ocr_line' id='line_1_30' title="bbox 284 3865 1360 3967; baseline 0.007 -24"><span class='ocrx_word' id='word_1_217' title='bbox 284 3866 474 3955; x_wconf 78' lang='lat' dir='ltr'>habiturn,</span> <span class='ocrx_word' id='word_1_218' title='bbox 524 3865 585 3943; x_wconf 90' lang='lat' dir='ltr'>seu</span> <span class='ocrx_word' id='word_1_219' title='bbox 618 3872 808 3945; x_wconf 83' lang='lat' dir='ltr'>externam</span> <span class='ocrx_word' id='word_1_220' title='bbox 838 3866 1018 3967; x_wconf 86' lang='lat' dir='ltr'>speciem,</span> <span class='ocrx_word' id='word_1_221' title='bbox 1068 3868 1287 3967; x_wconf 85' lang='lat' dir='ltr'>dignitatem</span> <span class='ocrx_word' id='word_1_222' title='bbox 1320 3886 1360 3950; x_wconf 84' lang='lat' dir='ltr'>et</span> 
     </span>
     <span class='ocr_line' id='line_1_31' title="bbox 285 3970 1359 4086; baseline 0.007 -29"><span class='ocrx_word' id='word_1_223' title='bbox 285 3982 439 4070; x_wconf 84' lang='lat' dir='ltr'>famam,</span> <span class='ocrx_word' id='word_1_224' title='bbox 477 3980 794 4080; x_wconf 88' lang='lat' dir='ltr'>contemplemur:</span> <span class='ocrx_word' id='word_1_225' title='bbox 822 3997 1025 4060; x_wconf 88' lang='lat' dir='ltr'>occurrunt</span> <span class='ocrx_word' id='word_1_226' title='bbox 1048 3970 1231 4085; x_wconf 77' lang='lat' dir='ltr'>undique,</span> <span class='ocrx_word' id='word_1_227' title='bbox 1261 4009 1359 4086; x_wconf 87' lang='lat' dir='ltr'>quae</span> 
     </span>
     <span class='ocr_line' id='line_1_32' title="bbox 282 4096 1358 4197; baseline 0.007 -25"><span class='ocrx_word' id='word_1_228' title='bbox 282 4110 433 4195; x_wconf 83' lang='lat' dir='ltr'>gratam</span> <span class='ocrx_word' id='word_1_229' title='bbox 456 4119 543 4197; x_wconf 86' lang='lat' dir='ltr'>erga</span> <span class='ocrx_word' id='word_1_230' title='bbox 576 4118 716 4175; x_wconf 90' lang='lat' dir='ltr'>numen</span> <span class='ocrx_word' id='word_1_231' title='bbox 743 4098 918 4195; x_wconf 88' lang='lat' dir='ltr'>pietatem</span> <span class='ocrx_word' id='word_1_232' title='bbox 945 4096 1165 4190; x_wconf 84' lang='lat' dir='ltr'>incendant,</span> <span class='ocrx_word' id='word_1_233' title='bbox 1219 4114 1257 4180; x_wconf 88' lang='lat' dir='ltr'>et</span> <span class='ocrx_word' id='word_1_234' title='bbox 1280 4103 1358 4180; x_wconf 86' lang='lat' dir='ltr'>diei</span> 
     </span>
     <span class='ocr_line' id='line_1_33' title="bbox 279 4208 1357 4365; baseline 0.006 -78"><span class='ocrx_word' id='word_1_235' title='bbox 279 4210 391 4365; x_wconf 82' lang='lat' dir='ltr'>huius</span> <span class='ocrx_word' id='word_1_236' title='bbox 415 4224 627 4315; x_wconf 79' lang='lat' dir='ltr'>prouocent</span> <span class='ocrx_word' id='word_1_237' title='bbox 652 4209 884 4292; x_wconf 84' lang='lat' dir='ltr'>hilaritatem.</span> <span class='ocrx_word' id='word_1_238' title='bbox 951 4208 1055 4305; x_wconf 88' lang='lat' dir='ltr'>Quid</span> <span class='ocrx_word' id='word_1_239' title='bbox 1082 4214 1208 4296; x_wconf 85' lang='lat' dir='ltr'>enim?</span> <span class='ocrx_word' id='word_1_240' title='bbox 1242 4216 1357 4295; x_wconf 88' lang='lat' dir='ltr'>festus</span> 
     </span>
    </p>
   </div>
   <div class='ocr_carea' id='block_1_10' title="bbox 1195 4330 1356 4411">
    <p class='ocr_par' dir='ltr' id='par_1_11' title="bbox 1195 4330 1356 4411">
     <span class='ocr_line' id='line_1_34' title="bbox 1195 4330 1356 4411; baseline 0.009 -1.464"><span class='ocrx_word' id='word_1_241' title='bbox 1195 4330 1356 4411; x_wconf 83' lang='lat' dir='ltr'>hicce</span> 
     </span>
    </p>
   </div>
   <div class='ocr_carea' id='block_1_11' title="bbox 0 0 1500 4992">
    <p class='ocr_par' dir='ltr' id='par_1_12' title="bbox 0 0 1500 4992">
     <span class='ocr_line' id='line_1_35' title="bbox 0 0 1500 4992; baseline 0 3"><span class='ocrx_word' id='word_1_242' title='bbox 0 0 1500 4992; x_wconf 95' lang='lat' dir='ltr'> </span> 
     </span>
    </p>
   </div>
  </div>
 </body>
</html>
