2992 4992
537 455 823 530 ιε’-ΕΞ
953 516 958 531 ,
1131 476 1214 563 1¹5

119 641 314 746 aestiuus,
339 650 494 752 mutas,
518 674 696 753 agrorum
711 650 877 732 sterilitas
895 674 981 731 cum
997 650 1104 743 mma,
1123 678 1214 733 vem.

123 785 266 848 torum
288 765 490 868 procellae,
525 782 642 845 terrae
668 779 814 855 motus,
844 769 949 869 ignes
967 791 986 842 e
1007 766 1075 844 soli
1099 772 1211 849 visce-

94 926 101 941 ι
125 886 241 961 ribus
258 896 489 983 erumpentes
505 904 591 961 cum
610 874 848 981 mephitibue.
909 880 1069 961 Nullum
1093 888 1207 985 enim,

129 997 240 1098 quod
270 995 352 1075 satis
384 997 546 1085 constan
585 998 714 1083 iniis,
747 998 906 1095 quaeab
926 991 1036 1089 Liuio
1053 998 1208 1101 aliisque
1280 1063 1284 1083 .

124 1123 422 1203 1οοιιιιιιειιιοιιιιι
446 1107 550 1200 suut,
605 1108 820 1207 prodigium
843 1112 1122 1211 ostentumque,
1162 1138 1208 1195 ue
1336 1142 1339 1151 ’
1398 1130 1399 1137 ‘

128 1228 308 1320 imbrium
340 1223 497 1325 quidem
515 1239 768 1300 ¹cruentorum
799 1238 863 1299 aut
896 1226 1000 1327 quod
1022 1224 1209 1327 lapidibus

118 1340 246 1440 pluit,
283 1333 470 1429 occurrit,
507 1336 615 1440 quod
632 1359 711 1416 non
726 1336 772 1413 ad
789 1354 938 1417 naturae
958 1353 1135 1417 euentum
1150 1366 1209 1419 ca·

119 1454 288 1555 sumque
311 1450 438 1532 referri
460 1448 583 1553 possit.
650 1449 732 1528 Alia
748 1476 768 1527 a
785 1464 889 1531 metu
906 1454 1106 1555 repetenda
1122 1454 1208 1535 sunt

120 1583 159 1646 et
174 1594 196 1648 a
214 1569 422 1656 terroribus
436 1566 609 1667 salusqne
624 1564 945 1667 persuasionibus,
984 1591 1075 1669 quas
1101 1594 1208 1649 men-

120 1686 250 1775 tibus,
285 1682 397 1760 semel
423 1679 598 1783 perculsis
614 1693 651 1757 et
678 1684 865 1772 attonitis,
892 1682 1094 1785 'religiones
1114 1685 1206 1764 deo-

120 1822 208 1875 rum
233 1800 387 1894 iniicere
404 1795 543 1890 solent3
572 1810 631 1884 vt,
660 1791 694 1871 sr'
703 1795 848 1875 auditae
864 1798 1016 1875 suerunt
1031 1802 1071 1875 in
1095 1824 1205 1879 mon-

122 1915 229 1991 tibus
254 1912 430 2011 srluisque
454 1932 567 2011 noces
591 1902 656 1987 aut
683 1911 779 1986 mala
803 1915 1012 1988 ominantes
1029 1929 1092 1989 aut
1107 1916 1203 1994 sacra

121 2026 328 2103 intermissa
352 2035 580 2127 repetentem
620 2038 658 2102 et
680 2046 775 2124 quae
790 2024 1008 2104 huiusmodi
1024 2028 1107 2101 sum
1122 2030 1201 2107 aliu
1251 2086 1259 2101 .-
1389 2072 1402 2099 ,·

121 2136 179 2217 Vt
202 2145 338 2241 igitur,
373 2160 595 2239 quamvere
618 2138 748 2215 haeca
773 2142 884 2215 nobis
907 2139 1000 2215 ditia
1022 2139 1108 2227 fint,
1147 2147 1209 2219 in..

117 2255 335 2352 telligatur,
362 2244 523 2353 agedum
539 2252 782 2351 pestilentias,
808 2272 903 2348 quae
919 2276 939 2327 a
954 2248 1208 2343 Romanarum
1343 2266 1347 2273 '

120 2390 255 2441 rerum
288 2360 527 2463 scriptoribus
555 2375 866 2441 commemoratae
896 2363 998 2452 sunt,
1045 2368 1211 2459 breuiter

121 2502 199 2579 pro
238 2478 381 2557 consilii
417 2481 561 2557 ratione
597 2478 868 2576 recenseamus:
922 2478 1095 2559 simodo
1129 2485 1205 2565 hoc

124 2597 405 2682 monuerimus,
453 2592 679 2693 plerumque
715 2592 855 2669 malum
885 2596 981 2671 intra
1010 2599 1139 2675 vrbem
1164 2614 1203 2677 et

128 2730 262 2807 agrum
293 2706 551 2787 Romanorum
575 2705 761 2785 substitisse
770 2732 782 2803 ;
821 2731 900 2809 quo
924 2710 1003 2811 ipso
1028 2714 1201 2811 pestilen-

128 2824 196 2901 tiae
215 2827 325 2903 notio
343 2822 665 2935 circumseribitur.

238 3046 362 3127 Prima
386 3050 498 3150 pestis
517 3047 582 3126 sub
608 3044 776 3128 Romulo
794 3048 875 3149 pust
886 3046 1039 3127 Tatium
1055 3050 1200 3132 caesum

133 3179 296 3241 narratur
321 3188 342 3240 a
363 3160 569 3266 Dionysio,
594 3163 642 3255 d)
668 3162 881 3267 multoque
891 3164 1058 3239 ornatius
1077 3188 1098 3237 a
1114 3163 1202 3243 Plu-

133 3279 277 3367 tarcho,
306 3302 392 3355 nam
414 3299 592 3378 agrorum
604 3299 860 3376 pecorumque
878 3275 1102 3353 sterilitatem
1119 3280 1202 3379 plu·
1316 3314 1321 3327 =

133 3392 279 3494 viasque
314 3409 482 3471 cruentas
519 3393 664 3482 adiicit3
714 3392 776 3465 cui
808 3388 991 3488 quidem
999 3398 1201 3475 narrationi

135 3512 201 3581 tam
226 3507 410 3585 disertae
400 3533 440 3585 m
457 3521 533 3585 tam
554 3504 707 3583 remotas
720 3506 918 3594 aetatibus,
947 3504 1052 3583 nulla
1075 3532 1201 3589 rerum

135 3625 308 3701 memoria
330 3645 396 3722 per
420 3623 537 3699 libros
551 3619 715 3721 prodita,
753 3638 884 3716 parum
898 3617 982 3698 fidei
1002 3621 1200 3703 habemus:

137 3726 303 3814 fiumen
326 3736 440 3817 sidem
460 3736 596 3815 habere
618 3734 756 3833 placet,
787 3730 860 3809 luis
882 3730 997 3811 caussa
1012 3736 1099 3815 inde
1122 3765 1201 3817 ma

137 3846 257 3929 uisesta
276 3848 328 3995 fit
402 3848 544 3932 Iterum
567 3848 634 3925 sub
660 3844 780 3924 Tullo
809 3842 969 3927 Hostilio
999 3852 1203 3949 pestilentia

372 4010 377 4017 ·
693 3958 788 4040 Ha
935 4026 971 4033 ..
1096 3966 1204 4043 labo-

193 4148 237 4236 d)
256 4149 441 4236 Dionysii
478 4165 531 4232 54.
548 4147 680 4215 nuere
701 4145 937 4251 RomuloOp
954 4146 1033 4211 ΤΗΙ
1052 4147 1201 4226 psal*

240 4241 293 4301 vti
315 4238 397 4302 iuter
415 4236 495 4300 nte·
530 4228 609 4315 ὕσθη
630 4233 663 4297 dl
686 4233 736 4296 zei
761 4230 901 4307 σταγόσιν
921 4230 1050 4309 αἵματος
1071 4227 1088 4312 a}
1109 4234 1196 4304 πόλις
1236 4326 1240 4335 Ι

240 4340 323 4401 ιιοιι,
343 4316 434 4409 ᾔσθη.

437 4498 472 4559 .θ
