2992 4992
306 494 359 567 ιι
555 471 559 484 “
696 480 1007 545 m?

308 666 484 769 ᾒιιιιιιίι,
510 644 723 761 =faramunt
749 664 889 755 stadio,
910 662 1112 755 orimum,
1154 658 1319 741 Iiluiire's
1342 683 1411 741 aa¹

308 778 582 875 ‚Generofifflmi
596 780 775 870 quenes,
803 778 846 859 et'
854 792 1046 880 quotquot
1063 780 1170 857 robis
1187 778 1254 877 ipsr
1267 778 1388 863 restra
1410 759 1411 844 i

309 896 450 995 pittute
462 919 506 972 ac
523 897 686 975 doitrina
704 894 1122 984 nobilitatem.frcieus.‚*
1147 889 1259 970 Ciues
1276 916 1390 969 orna-

90 1040 92 1047 ·
156 1023 162 1033 '
231 1008 253 1084 ,’
308 1005 451 1111 tiiimri,
478 1024 537 1101 vt,
568 1011 705 1112 fiquis
730 1010 1038 1098 beneuolentiae,
1079 1010 1213 1088 amoris
1237 1030 1285 1085 ac
1310 1008 1390 1106 pie-

228 1134 258 1229 J
310 1127 405 1223 tatis
419 1124 539 1203 sensus
562 1130 714 1205 animis
726 1128 852 1203 vestris
879 1124 1031 1213 iniidet,
1076 1124 1310 1201 conueniatis
1345 1143 1387 1195 ac

311 1214 523 1326 confluatis:
562 1268 641 1333 non
671 1240 915 1329 ranimiro,
963 1263 1075 1339 quam
1100 1237 1218 1351 almae
1249 1238 1387 1313 vestrae

236 1400 263 1426 ,ι
309 1346 493 1451 Parentis,
526 1356 711 1457 Georgiae
730 1356 918 1454 Augustae
938 1357 1112 1443 nomine,
1140 1376 1235 1452 quae
1255 1376 1276 1427 a
1294 1351 1388 1426 libe

311 1468 361 1555 ris
378 1467 449 1543 iuis
471 1469 546 1556 hoc
568 1472 724 1548 honoris
754 1494 896 1567 genus,
934 1467 1010 1550 hoc
1038 1468 1251 1546 nutritionis
1283 1488 1390 1564 prae-

132 1567 168 1593 ''
235 1652 239 1661 ,
307 1582 479 1793 futiliori-r,
440 1585 668 1697 ‚expectare
684 1585 772 1685 ipsa
777 1584 939 1674 videtur,
970 1597 1121 1722 rogatos
1138 1604 1206 1660 vos
1221 1577 1293 1657 effe
1311 1580 1390 1657 exi-

193 1728 194 1735 *
353 1709 501 1773 matote.
565 1726 580 1737 ·

428 1914 593 2015 Interea,
633 1918 728 1997 dum
745 1890 972 1996 iollennium
996 1917 1249 1998 curandorum
1278 1938 1389 2016 appa·

186 2042 191 2127 j
314 2030 513 2133 tumeries,
540 2059 587 2111 ne
599 2034 679 2120 vlla
697 2033 788 2114 hora
804 2058 916 2111 vacua
935 2030 978 2109 fit
991 2035 1039 2109 ab
1064 2029 1177 2109 officii
1202 2032 1390 2109 honestate

308 2159 352 2221 et
369 2168 396 2221 a
421 2146 528 2249 studii
554 2148 727 2247 utilitate,
755 2150 899 2250 agite,
918 2144 1051 2235 Ciues,
1076 2145 1388 2249 disputationem,

315 2282 437 2361 puper
460 2222 615 2365 [unitam
636 2263 710 2357 b),
738 2279 776 2341 et
797 2253 911 2341 manu
936 2258 1136 2349 dimitiam,
1173 2263 1311 2345 iterum
1337 2284 1389 2337 re·

314 2382 496 2479 petamus
554 2380 770 2475 substiterat
785 2393 869 2457 aute
983 2399 1044 2453 era
1063 2375 1211 2456 nostra
1201 2400 1240 2451 ιιι
1256 2399 1325 2466 eo,
1352 2379 1415 2447 vt
1414 2413 1415 2455 1

317 2490 366 2581 ad
389 2490 563 2568 Graeciae
592 2506 737 2589 aetates
764 2402 1004 2591 antiqws
1014 2492 1300 2569 transferrentur
1336 2512 1389 2576 ea,

317 2626 413 2703 quae
429 2604 551 2679 adhuc
571 2605 741 2693 -vniuerse
759 2605 806 2681 de
822 2606 976 2681 rudibus
993 2625 1034 2688 ac
1052 2607 1115 2681 vix
1136 2604 1322 2683 inchoatis
1337 2627 1391 2679 re-

315 2714 521 2817 ligionibus
549 2718 767 2797 iilueiirium
798 2733 836 2797 et
866 2719 1123 2817 campestrium
1160 2720 1392 2819 populorum

316 2833 366 2936 ita
383 2846 486 2907 etant
503 2828 614 2923 ditia,
650 2849 689 2911 vt
704 2834 877 2911 liberatos
896 2834 1065 2918 anostris
1082 2834 1328 2932 opinionibus
1349 2854 1390 2909 ac
1415 2931 1416 2934 p

228 2996 231 3007 ι
316 2948 539 3030 notionibus,
556 2950 701 3027 animos
720 2950 958 3025 indueremus
977 2970 1019 3024 ea
1035 2950 1263 3046 cogitatione
1279 2970 1324 3023 ac
1339 2971 1393 3025 ra·

210 3132 214 3135 .
304 3064 441 3151 tione,
485 3065 684 3163 quentilla
708 3067 803 3153 vita,
841 3063 903 3139 illa
931 3077 1029 3146 aetas
1064 3063 1231 3161 postulat
1294 3059 1393 3153 Cum

316 3178 360 3261 iis
381 3178 528 3279 igitur,
553 3203 668 3278 quaa,
704 3202 752 3253 ex
775 3175 849 3274 ipsa
875 3201 998 3253 rerum
1030 3177 1306 3276 hominumque
1329 3200 1393 3253 na·

215 3290 217 3297 ’
317 3304 399 3369 tura
419 3293 543 3381 duiia,
570 3296 715 3369 anobis
743 3305 1031 3368 commemorata
1056 3304 1179 3379 erant,
1212 3296 1394 3370 conuenit

317 3406 376 3494 id,
419 3410 520 3507 quod
556 3408 650 3485 tama
680 3420 945 3508 acceperant
931 3404 1081 3494 Graeci,
1129 3403 1393 3505 Herodotique

317 3519 486 3623 inprimis
505 3521 697 3617 autioritas
715 3518 949 3617 firnnuitc),
990 3544 1077 3605 cunr
1101 3524 1223 3618 primo
1246 3516 1394 3619 Pelasgi

144 3612 148 3619 ’
211 3632 224 3692 ἵ
318 3634 408 3731 deos
431 3635 611 3713 haberent
628 3636 775 3725 nullos,
806 3636 929 3735 postea
946 3658 1012 3711 eos
1027 3632 1189 3713 habuiiie
1205 3635 1296 3711 deos
1317 3633 1394 3711 {ine

319 3750 545 3847 nominibus.
615 3748 714 3829 Cum
736 3754 837 3827 enim
860 3749 1033 3827 homines
1055 3750 1221 3849 palantes
1245 3772 1289 3825 ac
1315 3748 1393 3826 fine

291 3960 294 3969 1
317 3876 416 3963 certa
441 3863 740 3965 sederagantes,
780 3890 818 3943 re
847 3865 922 3963 ipsa
944 3866 1107 3953 ferente,
1147 3887 1213 3963 per
1235 3863 1394 3941 ianriiias

317 3980 477 4061 coirent:
508 3979 707 4079 religiones
725 3980 791 4059 srbi
809 3983 979 4079 quaeipue
991 3979 1074 4058 =suas
1091 3979 1290 4064 constituit,
1309 3978 1396 4055 rudi

330 4156 353 4207 4
514 4194 521 4199 ι
719 4152 721 4159 ,
1260 4091 1391 4193 aliquo

375 4225 417 4311 b)
441 4228 559 4293 Ptoios.
580 4227 674 4322 adun
690 4225 750 4291 iul.
770 4226 801 4289 h.
818 4206 855 4289 ιζ
1383 4224 1394 4249 ·

373 4342 411 4422 ι)
431 4340 487 4408 lib.
503 4341 552 4419 11,
568 4360 621 4421 sa.
668 4438 673 4447 ι
