2992 4992
312 471 361 579 f
478 530 796 595 ἓ
1099 534 1184 621 3¹⁷

106 717 264 815 ingemo
281 658 493 795 menime
506 714 677 809 valeant,
707 717 866 823 experiri
882 714 1039 820 poffint3
1069 717 1191 823 quidl·

106 832 253 931 quod„
281 830 598 934 quemadmodum
621 832 702 924 hie,
736 836 804 936 qui
825 838 898 912 iam
914 836 1105 934 profecere
1122 838 1191 915 ali.

107 960 289 1045 quantum
312 948 351 1024 in
374 946 502 1023 studiis
518 946 611 1037 luia,
649 940 972 1033 audior'ersumum
1007 964 1050 1027 vt
1068 966 1107 1029 et
1120 948 1203 1053 ipii.
1228 955 1236 1047 J
1266 998 1269 1001 -
1340 955 1343 977 ¹

106 1056 253 1160 aliquid*
271 1059 452 1150 audeaut,
475 1058 725 1153 ,dehortando
743 1076 873 1140 ooutra
888 1085 932 1140 ac
948 1060 1191 1158 diffundendo

105 1196 260 1253 auocare
283 1174 446 1253 solemur
467 1186 508 1265 ,et
522 1185 668 1251 tentum
684 1191 766 1251 non
782 1176 966 1254 deterrere
979 1170 1066 1269 eoa,
1092 1184 1192 1279 quoi

104 1311 184 1367 rum
209 1279 328 1367 studia
360 1287 533 1365 nondum
559 1288 610 1365 ita
637 1287 804 1389 expolita
829 1288 935 1381 suut
975 1303 1017 1366 rt
1034 1287 1082 1367 ex
1107 1316 1190 1371 vur-
1301 1288 1308 1304 ’

108 1403 174 1481 bra
204 1404 297 1479 illi
285 1424 326 1479 ιιι
351 1406 525 1501 euripum
557 1400 708 1502 prodire
739 1416 803 1480 aut
822 1426 949 1507 pugna
984 1388 1218 1505 confligere

102 1514 248 1619 pollint
307 1509 465 1594 Verum
473 1518 584 1593 etiam
603 1516 711 1605 illos,
756 1521 834 1619 qui
850 1518 949 1597 berre
962 1520 1125 1598 instrudli
1141 1520 1192 1601 ad

105 1644 290 1709 certamen
307 1630 343 1707 ie
361 1604 594 1729 accingunt,
610 1630 790 1709 nolumus
807 1634 1016 1734 quaestioni
1032 1634 1189 1712 trauan·

108 1744 173 1823 dde
196 1748 246 1823 ita
260 1745 506 1835 incumbere,
538 1758 581 1822 ιι
599 1734 686 1821 alias
710 1744 916 1827 studioru‘m
938 1749 1089 1828 luorum
1104 1770 1190 1850 par·

107 1872 159 1937 tes
188 1859 404 1965 negligant
414 1856 530 1935 duta
565 1859 674 1939 eursu
708 1858 922 1999 academico
951 1864 1193 1987 perficiendo·
1302 1876 1305 1881 ’

106 1978 252 2102 auoeari
279 1972 316 2051 se
339 1972 538 2072 patiantur.

212 2182 365 2282 Monita
388 2192 481 2278 haec
497 2222 516 2276 a
534 2199 665 2290 uobir,
689 2194 822 2291 Cium,
852 2209 892 2276 et
904 2161 1103 2298 diligenter
1120 2222 1195 2279 ex·

104 2312 220 2416 pofita
240 2314 376 2393 luere
365 2334 440 2391 rem
460 2300 527 2392 sub
548 2311 662 2413 ipsam
677 2312 833 2391 instituti
847 2316 1057 2391 certaminis
1073 2313 1204 2394 holm

104 2428 363 2525 indlilionem,
408 2428 547 2505 utiam
563 2442 652 2508 tum
676 2418 891 2527 putaremur
915 2422 998 2506 'satis
1023 2424 1187 2509 elleoc·

104 2544 250 2621 cursum
268 2557 343 2631 aut.
359 2540 635 2644 reprehensioni
659 2540 925 2634 calumniosae,
962 2563 1036 2644 qua
1060 2557 1187 2625 totum

105 2656 179 2735 hoo
199 2657 405 2735 militrrttuu
432 2657 569 2736 eleuari
584 2652 721 2760 pollet,
736 2691 739 2705 ·
756 2671 821 2735 aut
834 2678 954 2759 prauo
976 2657 1186 2736 nonnullo·

108 2794 191 2849 rum
223 2772 320 2847 inter
341 2794 409 2874 ιρι
430 2771 592 2863 iudicio,
628 2774 696 2872 qui
725 2792 798 2850 uec
823 2769 907 2868 sads
929 2774 1045 2873 parati
1070 2787 1109 2851 et
1126 2774 1186 2850 in·

105 2882 249 2973 ilrudiia
280 2905 351 2961 uec
372 2887 505 2963 ceteris
529 2884 656 2965 studiis
678 2885 775 2963 bene
798 2889 1069 2988 attemperatis,
1102 2908 1197 2966 cerm
1289 2973 1292 2987 ¹

105 3000 233 3077 tamiri
265 2996 301 3075 se
321 2994 423 3074 forte
442 2990 725 3078 committerent
793 2997 913 3094 Quod
935 3000 960 3077 fi
983 3017 1108 3078 tamen
1135 3003 1197 3080 ab»

105 3124 178 3190 uno
208 3123 247 3191 et
275 3110 394 3189 altero
422 3112 537 3190 nimia
570 3111 702 3194 fiducia
735 3110 795 3191 vel
823 3112 1072 3212 imprudentia
1096 3112 1187 3196 effer

104 3242 310 3325 peccatum:
357 3248 471 3317 num,
503 3225 609 3327 quod
629 3230 736 3304 vnius
759 3226 821 3302 vel
846 3225 996 3302 alterius
1025 3228 1117 3304 vitio
1144 3240 1196 3305 eo

105 3342 211 3442 culpa
224 3338 456 3419 commissum
473 3342 543 3430 est,
587 3340 700 3439 ipsam
723 3360 803 3415 rem
826 3341 996 3439 attingit,
1024 3340 1184 3439 olorque

104 3452 348 3534 salubritatem
378 3478 421 3533 ac
450 3452 704 3557 praestantiam
736 3450 870 3529 tollere
903 3454 1020 3530 videri
1040 3452 1180 3533 d‘ebeti
1296 3516 1301 3525 .

105 3566 206 3662 Quid
230 3570 380 3651 ta'ndem
404 3571 456 3659 est
475 3573 517 3647 in
539 3588 665 3645 rerum
685 3580 816 3647 natura
841 3565 1190 3668 praeliantifflmum'

104 3702 167 3781 per
184 3684 221 3762 le
238 3694 276 3761 et
289 3680 535 3775 rtiliffimum,
561 3681 667 3784 quo'd
683 3704 762 3760 non
776 3704 914 3784 prauus
929 3680 1188 3789 insipientium,

103 3810 138 3873 et
152 3796 447 3899 impmdentium
465 3798 546 3877 riui
560 3807 800 3899 corrumpere
815 3811 854 3875 et
869 3799 909 3875 in
923 3820 1063 3877 noxam
1076 3801 1195 3879 luam.

102 3928 240 3993 vertere
264 3910 396 4015 polliti
430 3910 537 4007 Quin
558 3932 711 4012 agamur
734 3910 794 4003 id,
829 3910 934 4013 qu'od
960 3912 1103 3992 bouum
1124 3915 1182 3990 ri·

103 4044 180 4105 rum
210 4030 317 4105 omni
337 4030 378 4105 iu
400 4048 442 4105 re
464 4028 584 4109 fucere
609 4048 677 4129 par
697 4026 767 4103 est:
802 4022 1037 4105 elaberemur
1053 4048 1124 4128 pro
1141 4022 1180 4104 se

101 4145 279 4243 quisque,
313 4156 355 4219 ιι
377 4144 500 4242 prauis
525 4164 648 4241 rerum
675 4140 803 4251 studiis
825 4141 984 4240 prouida
1003 4160 1097 4218 cura
1111 4160 1179 4219 oc·

99 4270 303 4355 curramm3
344 4255 501 4341 confluo
522 4257 756 4360 munitioque
785 4253 934 4339 monete
955 4256 1179 4333 imtrurmm

988 4442 995 4451 .
1109 4389 1177 4449 eor
