2992 4992
298 466 374 575 ''i‘'
712 378 1005 543 ⁸1-

299 668 470 751 ,inutilia
496 667 607 753 ciuis*
627 664 736 765 culpa
767 684 811 742 ac
847 662 1189 758 fraude-excidetis
1223 661 1410 743 emnem

315 763 491 869 Nam-ne
515 806 585 861 nos
602 776 729 867 officio
751 781 877 857 nostro
893 803 936 855 ac
952 776 1040 856 fidei
1053 775 1175 857 deesse
1190 778 1388 867 videamur,
1409 819 1411 918 f

318 913 359 993 et
372 900 583 991 curauimus
599 894 766 983 studiose,
796 908 835 971 et
849 892 1018 992 religiose
1035 895 1257 970 curabimus.
1278 936 1281 945 ·
1300 893 1390 970 Sunt

318 998 412 1099 uero
437 1015 566 1100 etiam,
607 1033 701 1113 quae
721 1008 884 1086 studium
909 1006 1077 1096 nostrum
1099 1006 1299 1085 incendere
1316 1007 1390 1106 pos-

147 1076 153 1089 l
180 1132 187 1149 '
314 1123 406 1209 fint:
443 1126 557 1227 Regis
576 1122 731 1225 ,Optimi
758 1108 1016 1235 iadulgentia,
1038 1118 1219 1201 Virorum
1231 1120 1389 1200 summo

310 1268 422 1333 eum«.
452 1242 589 1342 quibus
608 1260 695 1321 cura
711 1238 854 1317 nostrae
869 1238 925 1314 rei
934 1236 1168 1313 academicae
1183 1237 1320 1313 tradita
1335 1238 1387 1325 esi

314 1352 614 1463 propensissimae
643 1353 875 1445 voluntatem
908 1350 1162 1429 institutorum
1185 1350 1389 1429 nostrorum

314 1470 435 1571 tutela
460 1482 497 1545 et
520 1466 695 1567 inspeitio
719 1463 872 1558 affidua;
900 1463 1063 1541 studium
1084 1464 1271 1541 ornandae
1276 1461 1390 1552 Bibli-

224 1601 237 1637 ⁵
316 1584 480 1669 othecae
490 1581 668 1683 publicae
681 1592 728 1657 et'
745 1578 869 1660 Musei
897 1578 1105 1658 academici.
1166 1575 1324 1679 Experti
1340 1579 1390 1655 su-

316 1722 405 1779 mus
438 1696 514 1775 hoc
544 1716 699 1795 quoque
721 1716 823 1771 anno
846 1691 1138 1771 munificentiam
1161 1692 1388 1792 singularem,

316 1813 504 1910 cuiusque
536 1808 662 1885 fimilis
684 1820 748 1883 aut
770 1830 837 1907 par
859 1810 1058 1884 memorari
1086 1807 1160 1885 hoc
1184 1810 1227 1883 in
1258 1831 1390 1907 genere

315 1925 392 2017 alia
412 1928 476 2001 vix
494 1920 603 2025 posse
629 1922 797 2011 videtur,
825 1918 908 1999 Viri
922 1918 1077 1999 illustris
1093 1934 1131 1999 et
1146 1921 1290 2003 summo
1311 1947 1390 2001 cum

292 2036 465 2119 »honore
492 2062 579 2117 cum
603 2048 710 2113 antea
737 2037 946 2126 nominati,
987 2050 1068 2113 tum
1086 2059 1188 2113 nunc
1204 2059 1389 2137 quoquen

219 2222 224 2230 .
263 2210 268 2215 -
314 2150 701 2265 nobismominandi,
746 2174 779 2227 n.
805 2175 838 2227 a.
868 2174 1062 2241 uenscu,
1097 2152 1163 2252 qui
1200 2150 1413 2252 sumnam

1411 2077 1412 2090 l

1408 2112 1413 2132 ¹»

190 2364 199 2377 s
269 2294 272 2351 ζ
314 2291 389 2370 pro
418 2270 563 2369 priuata
583 2267 734 2346 fortuna
759 2265 840 2343 satis
865 2267 1035 2366 opiparia
1049 2279 1087 2342 et
1112 2264 1265 2365 amplis,
1306 2290 1412 2345 con-2

316 2384 418 2484 quiri
445 2407 488 2461 ac
513 2385 610 2459 mitti
636 2384 780 2459 curauit
809 2383 932 2457 omnis
959 2382 1106 2481 generis
1142 2404 1200 2457 res
1223 2404 1323 2459 raras
1344 2401 1412 2484 erg

210 2490 220 2501 ’
315 2495 398 2585 Asia
416 2508 454 2571 et
471 2490 621 2593 Europa
638 2494 937 2591 septentrionali,
967 2496 1137 2593 inprimis
1155 2518 1250 2594 quae
1269 2496 1319 2573 ad
1333 2520 1390 2573 na·
1407 2489 1414 2596 l

314 2622 422 2709 turae
455 2630 545 2707 opes
572 2604 693 2686 Musei
720 2607 835 2683 nostri
856 2606 1156 2706 locupletandae,
1196 2610 1299 2688 etad
1329 2633 1413 2689 nus

314 2730 468 2819 morum
496 2722 697 2809 rariorum,
737 2722 874 2818 quibus
893 2734 958 2797 aut
978 2721 1126 2801 historia
1142 2723 1317 2801 illustrari
1334 2738 1392 2801 aut

106 2840 138 2856 ’·
228 2894 230 2899 -
314 2859 524 2936 regnorum
561 2848 598 2911 et
636 2838 881 2934 imperiorum
906 2838 1075 2915 rationes
1118 2838 1413 2922 numismaticael

200 3052 202 3057 ι
313 2950 494 3049 declarari
521 2947 673 3049 possint,
714 2939 902 3047 augendas
917 2954 1048 3051 copias
1067 2953 1206 3029 nostras
1220 2935 1413 3052 spesient'

315 3064 404 3161 Qua
434 3064 495 3143 sua
521 3064 738 3144 liberalitate
763 3065 817 3140 vti
843 3067 898 3141 vir
920 3065 1235 3165 praestantissimus
1250 3090 1393 3148 memo·

314 3184 409 3271 riam
432 3180 532 3257 suam
549 3182 588 3256 in
606 3180 675 3257 hac
691 3177 882 3257 Musarum
899 3178 981 3257 sede
995 3179 1043 3257 ad
1059 3196 1278 3281 perpetuam
1295 3206 1392 3261 eam-

314 3317 391 3395 que
429 3298 572 3395 gratam
604 3292 902 3371 recordationem
935 3295 1180 3385 consecrauit,
1221 3299 1272 3373 ita
1296 3300 1392 3373 inter

182 3404 187 3413 ’
275 3431 419 3519 'noes
445 3410 535 3487 dum
568 3410 748 3497 uiuimus,
791 3414 1187 3491 commemorationem
1197 3409 1405 3489 'sethona'

312 3502 454 3617 risicam
471 3535 509 3602 et
524 3522 725 3603 iucundam
741 3526 877 3603 merito
892 3525 943 3601 esi
956 3525 1162 3604 habiturus.

377 3768 393 3840 ⁴,
428 3748 595 3842 Videtis,
632 3748 941 3842 commilitones,
978 3776 1073 3855 quae
1094 3751 1216 3835 adhuc
1240 3760 1392 3837 anobis

310 3858 456 3947 narrata
479 3864 567 3956 sint,
601 3865 676 3945 siue
703 3881 809 3967 grato
837 3860 978 3968 pioque
999 3872 1211 3949 animorum
1229 3870 1335 3951 sensu
1352 3888 1394 3960 et

310 3985 541 4083 cogitatione
575 3981 831 4081 indulgentiae
863 3980 1032 4073 diuinae,
1067 3986 1128 4061 cui
1158 3998 1195 4062 et
1214 3985 1322 4071 {haec
1353 4000 1394 4065 et

309 4085 507 4187 innumera
527 4094 707 4177 debemus
729 4096 819 4185 alia,
841 4098 987 4175 ‘narrari
1007 4120 1087 4175 non
1100 4096 1270 4200 potuisse.
1318 4098 1394 4179 His

285 4213 436 4317 itaque
481 4208 566 4319 ipfia
608 4211 840 4327 sollennibua
903 4232 1067 4316 quorum
1100 4213 1393 4297 indicendorum

340 4342 342 4347 ’
1275 4324 1395 4407 caussa
