2992 4992
532 392 819 461 Ε
955 347 959 357 f
1193 411 1222 487 7

821 476 854 533 9

737 530 752 579 l
1045 560 1050 569 .

150 619 182 694 ..3
232 583 575 698 &sanonum
607 586 714 689 quod
729 588 1124 679 commemorauimus,
1154 612 1219 691 ge·

133 694 229 796 nere
254 703 400 783 initium
422 704 619 792 faciamus,
659 704 834 817 omnibus
864 704 1026 781 barbaris¹
1050 704 1216 804 populis,

134 819 323 919 quinon,
344 816 495 895 siluestri
512 841 554 894 ae
573 816 737 894 belluina
753 822 828 895 vita
845 818 1006 909 efferati,
1034 821 1080 896 ab
1098 820 1217 910 omni,

132 946 284 1037 praeter
302 957 415 1033 quam
431 932 537 1009 samis
556 944 593 1009 et
611 946 817 1041 ceterarum
832 936 929 1011 vitae
954 930 1230 1025 neceffitatum,‘

138 1050 371 1146 cogitatione
389 1061 539 1141 vacant,
577 1070 777 1125 commune
791 1029 874 1138 est,
913 1062 955 1125 vt
977 1060 1123 1127 naturas
1147 1048 1217 1124 hu·

138 1186 250 1245 utana
268 1164 573 1253 maioreemente
592 1174 629 1239 et
646 1165 772 1237 animo
793 1154 1084 1262 concipiantn).
1143 1158 1218 1237 Ve-
1258 1165 1263 1175 '
1293 1178 1297 1184 ’

136 1300 229 1354 rum
247 1279 313 1375 qui
332 1275 377 1352 ad
403 1264 796 1375 banc‘eogitationem·
821 1298 886 1353 eos
915 1289 1067 1352 naturae
1093 1300 1219 1353 rerum
1260 1278 1333 1359 j

136 1391 462 1491 contemplatione
484 1404 548 1467 aut
569 1390 693 1489 aliqua
716 1386 931 1481 caussarum,
952 1404 990 1467 et
1021 1390 1220 1468 effeiluum

137 1509 379 1613 reputatione
395 1505 529 1583 adduci
544 1518 694 1605 putant,
726 1510 875 1605 egregie
892 1505 970 1583 salli
988 1502 1129 1583 necesse
1146 1504 1218 1599 est3

135 1623 255 1697 nimis
279 1623 380 1697 enim
398 1620 532 1697 subtile
549 1620 624 1697 hoe
641 1644 711 1720 pro
742 1622 897 1699 istorum
923 1620 1122 1717 hominum
1147 1621 1221 1696 stu-

138 1756 259 1836 pore3
286 1734 367 1824 sed,
400 1736 546 1835 quoties
564 1735 703 1835 aliquid
724 1739 868 1823 euenit,
910 1735 1016 1835 quod
1039 1748 1223 1812 terrorem

86 1875 90 1883 ’
136 1875 184 1927 ae
211 1862 353 1927 metum
373 1851 512 1939 inlicit,
542 1860 605 1927 aut
622 1852 858 1937 mirationem
874 1862 1026 1938 mouet,
1051 1841 1122 1950 (in
1147 1850 1223 1927 vita

86 1966 93 1981 “
139 1964 350 2071 autemilla
367 1966 540 2041 omnium
554 1988 678 2041 rerum
693 1966 778 2043 rudi
795 1980 833 2041 et
847 1968 983 2064 ignara
1001 1964 1121 2041 multa
1142 1964 1222 2039 ani-

138 2104 229 2161 mos
247 2071 439 2177 percutere
466 2093 503 2154 et
526 2078 647 2157 sensus
670 2080 914 2179 perstringere
940 2078 1067 2168 aliter,
1107 2102 1230 2177 quam·

137 2199 184 2271 in
209 2192 426 2283 hominibus
447 2192 493 2267 ad
515 2181 755 2295 humanitatis
777 2194 925 2290 cultum
945 2193 1118 2267 institutis
1143 2189 1244 2269 liert·

137 2308 262 2394 solet,
282 2296 652 2404 reputandum*est,)
669 2304 745 2381 hoc
770 2305 829 2379 illi
853 2302 1069 2403 suspiciunt,
1111 2326 1224 2389 vene·
1320 2314 1328 2329 ”

140 2432 298 2509 rantur,
326 2417 493 2508 adorant.
553 2412 1055 2523 Itaqueqanimansinsolitae
1077 2421 1224 2518 magni·

141 2536 309 2625 tudinis,
346 2545 423 2611 aut
450 2530 609 2607 sollertia
636 2534 780 2631 ingenii
815 2546 878 2611 aut
901 2554 1127 2633 quacunque
1151 2532 1224 2613 alia

119 2680 123 2688 ¹
141 2664 224 2731 arte
242 2648 427 2737 notabile,
451 2638 621 2747 inprimis
642 2645 846 2749 serpentes,
883 2672 1045 2748 quotum
1063 2661 1123 2725 tot
1138 2651 1226 2727 suut
1305 2634 1312 2645 ’

143 2786 304 2864 genera,
335 2757 438 2839 aliud
455 2762 523 2838 alia
540 2763 586 2839 de
604 2760 740 2851 caussa,
766 2764 966 2853 mirabilia,
1005 2776 1087 2841 turn
1107 2763 1226 2839 arbo·

89 2965 96 2974 ,
145 2882 196 2955 ris
214 2878 350 2977 speeies
370 2876 492 2963 adhuc
508 2900 585 2957 non
608 2876 725 2965 uisae,
762 2872 876 2975 por'ro
904 2893 980 2979 arte
1007 2892 1045 2955 et
1067 2879 1224 2977 ingenio

144 2994 313 3079 humano
333 2988 495 3097 efficium
506 2990 666 3090 aliquid,
698 2988 767 3067 etsi
779 3016 894 3092 manu
919 2992 1130 3071 adsensum
1153 3014 1224 3069 no·

147 3110 262 3185 lirum
282 3107 386 3196 rudi,
413 3098 505 3184 haec
523 3119 561 3179 et
579 3102 707 3181 fimilia
731 3109 876 3206 animos
906 3107 1149 3183 barbarorum
1177 3102 1225 3181 ad

147 3222 311 3320 laetandi
335 3234 373 3327 et
394 3218 599 3321 exsultandi
629 3217 804 3304 insaniam
832 3219 1001 3318 adspectu
1016 3219 1145 3297 efferre
1166 3218 1225 3296 so·

149 3336 238 3415 lent.
310 3334 390 3413 lam
423 3358 508 3419 eum
527 3328 734 3433 ¹politiores
767 3333 902 3434 populi
927 3333 1031 3409 hunc
1066 3335 1223 3433 gestum,
1311 3416 1317 3427 ,

147 3450 249 3529 hunc
273 3450 443 3527 affetiunr
466 3448 697 3539 saltantium,
722 3451 1032 3549 prosternentium
1050 3449 1111 3538 se,
1136 3448 1226 3525 ado·

145 3564 408 3671 rantiumgad'
421 3564 626 3663 religiones
650 3564 930 3643 serereseraut:
977 3564 1145 3643 sollenne
1175 3563 1227 3659 est

348 3701 351 3710 ⁸
579 3680 648 3744 ”a
714 3676 805 3777 A4
925 3679 930 3690 “
999 3746 1004 3751 Α
1048 3678 1227 3756 omnibus
1310 3678 1316 3689 ’

161 3854 165 3863 ’
187 3836 253 3924 ἐι)
275 3832 349 3903 No'n
366 3832 634 3923 attingemnefea,
657 3837 787 3922 quaein
803 3837 855 3908 sua
871 3838 1035 3903 Americae
1049 3834 1174 3900 historia
1190 3830 1231 3897 li·

264 3927 322 3989 bro
339 3922 395 3991 lv.
412 3925 450 3983 de
466 3920 671 4003 religionibus
687 3923 840 4007 sapienter
848 3922 992 4005 exposuit
1003 3920 1230 3999 Rubertsonua‚

262 4007 306 4075 V.
324 4006 370 4071 Cl.
394 4004 495 4069 multo
520 4007 625 4069 rninur
654 4008 687 4069 in
712 4006 894 4074 refellendis
914 4005 972 4077 iis.
1004 4024 1083 4085 quae
1105 4002 1143 4063 ab
1159 4000 1230 4063 aliia

131 4102 138 4111 '
263 4110 372 4173 parum
395 4087 548 4152 subtiliter
572 4090 722 4169 disputata
750 4080 840 4162 sunt,x
872 4088 1073 4152 morabimur.
1118 4084 1167 4146 Ab
1188 4082 1230 4146 iis

262 4187 387 4247 tamen,
407 4174 440 4235 in
458 4171 571 4255 quibus
588 4172 801 4237 Robertsonus
815 4170 967 4246 substitit,
997 4170 1036 4232 ad
1063 4168 1236 4232 remotiore

167 4295 173 4305 ·
206 4294 211 4302 ·
265 4268 301 4325 «t
314 4257 426 4322 altiora
444 4259 613 4339 procedere
632 4267 665 4323 et
681 4254 837 4340 assurgere
851 4274 936 4355 punc
958 4250 1152 4340 propostam
1177 4249 1233 4314 est.
