2992 4992
259 492 322 622 ιι
659 501 946 562 a

219 789 224 800 .
261 702 328 774 tu'r
352 692 391 769 in
416 688 475 767 his
506 685 737 769 coloniarum
769 688 1077 791 descriptionibus
1096 680 1263 769 Remini
1282 694 1362 793 'aut

263 818 410 902 morem
440 803 584 905 sequuti
613 801 682 881 esse
705 804 781 881 fine
814 803 991 895 consilio,
1044 800 1354 890 autonomiam,

197 927 208 1013 3
264 921 374 1025 quod
406 918 470 998 vsu
502 932 540 995 ct
568 921 795 1019 experientia
828 918 983 997 illorum
1014 926 1232 1018 temporum
1259 915 1350 993 satis

245 1041 248 1049 '
265 1037 426 1115 obuium
452 1047 490 1113 et
511 1036 550 1124 in
568 1049 722 1134 promtu
738 1032 808 1111 csse
826 1036 960 1133 potuit.
1020 1030 1224 1112 Enimuero
1243 1030 1353 1109 fuere

239 1165 241 1168 ’
264 1150 394 1255 plura,
414 1167 417 1172 “
436 1165 532 1250 quae
557 1152 598 1226 in
623 1148 788 1226 coloniis
814 1148 1080 1246 constituendis
1099 1144 1350 1236 difficultates,

263 1287 358 1367 quas
376 1262 612 1341 nostraaetas
627 1263 754 1354 serant,
785 1262 972 1341 tollerent
1024 1262 1139 1371 *Nihil
1157 1264 1258 1337 enim
1278 1260 1350 1337 illo

190 1375 194 1381 ’
265 1370 437 1479 tempore
463 1378 510 1456 de
534 1392 701 1455 mercatu
723 1392 761 1455 et
791 1379 1051 1475 nauigatione,
1088 1398 1288 1477 operarum
1311 1388 1349 1451 ct

265 1515 394 1573 terum
415 1494 668 1581 commerciis,
706 1494 907 1581 mercium,
942 1516 1060 1593 opum
1088 1506 1129 1568 et·
1150 1513 1349 1593 operarum

180 1699 184 1707 ‚
263 1608 576 1706 interceptione
565 1620 603 1682 et
620 1608 868 1706 occupatione
893 1620 969 1684 erat
983 1606 1225 1684 statuendum.
1284 1600 1349 1680 Li-

264 1721 404 1812 berum
429 1732 540 1831 erat,
569 1743 710 1800 merces
734 1734 860 1819 petere
883 1734 947 1799 aut
977 1724 1140 1811 mittere,
1188 1718 1288 1797 vnde
1313 1730 1350 1793 et

268 1856 351 1935 quo
373 1836 534 1963 quisque
540 1823 694 1937 vellet3
723 1836 817 1931 nihil
837 1834 933 1913 haec
945 1838 1033 1935 reip.
1055 1837 1101 1913 ab
1124 1836 1229 1912 omni
1245 1856 1349 1911 com-

265 1950 521 2029 merciorum
518 1948 589 2033 vsu
615 1925 757 2028 alienae
784 1954 1008 2045 interemtum
1044 1946 1347 2035 siinterfuissent,

269 2062 346 2163 ipsa
370 2086 428 2141 res
454 2062 651 2153 docuisset,
691 2065 961 2143 coloniarum
951 2089 1030 2142 rura
1052 2068 1090 2142 in
1120 2066 1182 2159 his·
1196 2084 1350 2164 quoque

176 2165 180 2187 ¹
268 2176 579 2285 circumscribere.
649 2177 747 2260 Nam
771 2182 811 2255 in
837 2179 992 2257 utilitate
1018 2178 1078 2256 sua
1099 2176 1349 2281 perspicienda

269 2307 379 2378 acute
409 2296 568 2392 quisque
594 2293 702 2371 iacise
726 2293 849 2389 videt3
887 2297 1111 2379 caecutimus
1135 2293 1212 2369 iere
1239 2295 1280 2367 in
1308 2314 1348 2367 ea

262 2421 362 2495 cum
393 2407 553 2493 aliorum
575 2409 738 2490 -vrilirate
766 2408 811 2484 ad
844 2410 1068 2509 aequitatem
1091 2406 1347 2507 comparanda
1407 2414 1409 2457 ι

167 2541 168 2547 ‘
263 2516 466 2599 Numerus
493 2519 730 2602 colonorum
740 2525 870 2621 primis
887 2522 1038 2607 saeculis
1057 2522 1259 2602 admodum
1274 2532 1349 2597 erat

263 2638 433 2731 exiguus
450 2645 487 2711 et
503 2635 581 2730 agri
595 2634 722 2731 iugera
737 2658 854 2732 pauca
871 2634 1023 2735 singulis
1035 2633 1223 2736 asignata:
1240 2635 1348 2733 huius

222 2838 225 2844 ι
264 2748 420 2845 generis
439 2744 632 2823 colonias
622 2770 660 2823 ιιι
675 2748 856 2879 obsequio
871 2752 1040 2840 retinere,
1052 2776 1129 2834 non
1147 2751 1241 2829 adeo
1257 2746 1350 2827 diffi-

265 2858 345 2940 cile
357 2857 426 2937 effe
441 2863 755 2962 potuitinprimis
781 2886 866 2941 cum
890 2866 1121 2963 intraltaliae
1139 2865 1351 2949 fineshabe·

269 2988 402 3072 rentur
423 2998 564 3055 omncs.
636 2972 694 3055 Ex
714 3000 793 3078 quo
813 2994 900 3057 vero
921 2957 1116 3063 validiores
1134 2995 1171 3057 ιι
1192 3002 1350 3057 numero

271 3088 412 3173 cittium
441 3104 479 3167 et
502 3091 673 3191 iugerum
703 3092 973 3193 frequentiores
998 3096 1165 3175 colonias
1194 3096 1351 3173 educere
1408 3186 1409 3203 .

224 3259 226 3264 -
264 3202 432 3305 placuit,
473 3204 553 3292 satis
583 3204 743 3284 firmae
732 3231 806 3295 ram
831 3224 912 3287 tum
934 3226 1038 3287 erant
1067 3235 1123 3287 res
1145 3207 1349 3287 Romanae.
1408 3236 1409 3267 ι

261 3311 370 3399 Mox
400 3319 556 3397 Senatus
580 3320 736 3399 alienior
760 3324 805 3401 ab
832 3322 906 3401 hoc
934 3325 1101 3403 instituto
1127 3323 1242 3401 visus:
1280 3346 1350 3400 nec

263 3431 505 3518 immerito,
500 3459 594 3512 non
612 3438 713 3514 enim
730 3437 960 3538 suppetebat
966 3437 1250 3536 agerinlteir'a,
1271 3436 1350 3515 nisi
1408 3484 1409 3539 3

263 3543 444 3656 publicus
466 3570 508 3625 ac
524 3548 727 3649 vestigalis:
754 3576 834 3655 quo
850 3551 1034 3652 perleges
1060 3556 1215 3651 agrarias
1235 3550 1351 3629 Grae·
1408 3636 1409 3647 q

269 3656 447 3741 chorum.
477 3658 606 3753 Drufi,
639 3661 816 3758 Caesaris,
842 3672 956 3765 temp.
976 3668 1114 3765 priuari
1132 3666 1349 3765 aegreserc-
1408 3652 1409 3681 ¹

263 3771 343 3881 'bat
403 3769 516 3853 Extr'a
553 3775 697 3856 Italiam
726 3782 893 3865 coloniae
924 3778 1128 3871 deducere,
1168 3778 1346 3881 srAquas

268 3884 413 3976 Sextias
446 3887 520 3990 (V.
539 3888 581 3967 C.
602 3896 716 3991 629.)
746 3909 783 3973 et
807 3893 1025 3973 Narbonem
1056 3893 1241 3973 Marcium
1267 3890 1343 3994 (V.
1408 3918 1409 3925 ¹

180 4051 184 4056 -
268 3996 381 4099 C.63
394 4002 447 4101 5.)
474 4009 653 4105 excipias.
694 4007 906 4086 consultum
931 4008 1031 4087 haud
1054 4009 1192 4104 visum3
1220 4030 1347 4087 exent-

165 4122 168 4129 '
177 4115 336 4219 plo
363 4114 615 4217 Carthaginis,
654 4121 911 4222 Syracusarum
944 4137 983 4203 et
1009 4123 1183 4203 aliarum
1195 4122 1345 4201 urbium
1408 4148 1409 4237 ᾖ

265 4228 434 4378 discere
417 4258 463 4319 ιιι
485 4247 644 4400 promtu
662 4252 759 4329 crat,
783 4239 953 4343 potentia
966 4251 1004 4321 et
1025 4240 1162 4347 opibus
1174 4236 1345 4321 colonia

1258 4372 1346 4429 rum
