2992 4992
141 642 400 735 subtilitatem,
431 666 528 744 quae
548 616 750 721 acutiffinro
765 628 920 745 dunque
934 639 1079 723 nostrae
1089 646 1219 723 aetatis

143 750 371 859 philosopho
404 758 516 858 digna
546 755 650 848 ellet,
685 760 864 836 tribuunt
934 758 1142 840 Narrantur
1169 760 1218 838 ab
1260 848 1266 857 ¹
1395 731 1401 740 ⁴

144 876 215 961 iis,
250 876 312 972 qui
328 871 542 951 vAmericam
565 886 826 972 peragrarunt,
862 872 980 953 multa
1001 874 1049 951 de
1064 874 1219 952 deoali·

147 1000 226 1087 qun
236 987 416 1078 ¹summo,
454 982 567 1088 quern
584 987 783 1091 indigenae
798 986 975 1065 vuiuerfis
990 990 1100 1065 rebus
1116 1014 1220 1089 prae.
1352 1012 1358 1023 ·

94 1110 96 1115 '
148 1098 215 1177 elle
243 1102 414 1197 credant3
442 1102 515 1177 alii
542 1102 589 1177 de
604 1104 763 1179 numine
775 1107 949 1201 gemino,
982 1102 1100 1180 altero
1115 1106 1219 1181 bono

145 1215 265 1299 altero
286 1216 407 1307 malo,
453 1238 616 1316 quorum
645 1215 754 1305 huic,
779 1239 905 1319 ¹quam
929 1216 1010 1311 illi,
1048 1216 1221 1295 curinio·
1264 1302 1268 1312 ,

139 1328 222 1407 rem
249 1354 295 1408 ac
320 1328 596 1431 diligentiorem
614 1323 837 1430 plerumque
854 1330 997 1407 cultum
1009 1330 1225 1407 exhibeanb

94 1492 99 1505 ·
144 1444 257 1539 Quae
287 1459 418 1524 tamen·
445 1444 490 1522 ad
504 1445 601 1522 ⁴suos
627 1466 817 1545 quemque
847 1443 967 1522 sensus
981 1443 1221 1531 ,adunrbraffe

141 1562 386 1655 arbitramur;
429 1583 526 1661 quae
555 1559 620 1660 ipli
651 1561 794 1636 barbari
816 1552 1010 1649 sentirent,
1024 1557 1037 1579 ’“
1047 1571 1126 1636 non
1153 1558 1222 1639 nili

142 1694 190 1751 ex
219 1675 387 1775 ipsorum
408 1672 569 1753 'senfibus
597 1672 732 1773 allequi
755 1676 862 1770 licet3
898 1660 964 1752 eos
986 1698 1076 1751 vero
1093 1674 1139 1751 ad
1162 1700 1221 1751 re-

140 1786 518 1891 rumvniucrsrtatem
542 1790 704 1890 aliquam
723 1786 902 1896 allurgerc
920 1789 1037 1867 solere
1052 1784 1222 1893 dubitare

143 1903 246 1980 licet.
315 1904 456 2004 Neque
480 1906 754 1982 dubitationem
777 1907 933 1993 eximit,
958 1905 1222 2007 quodnumen

143 2019 305 2119 aliquod
336 2019 489 2096 caelum
509 2018 664 2097 infidere
685 2033 781 2095 nutu
808 2018 990 2095 ac·verbo
1012 2007 1224 2113 declarant}

96 2220 98 2227 ¹
143 2158 236 2209 nam
274 2134 384 2234 quale
414 2133 509 2227 illud
537 2130 605 2208 elle
635 2134 879 2221 arbitrentur,
917 2156 1105 2218 unumne,
1142 2132 1222 2206 aliis

142 2248 320 2339 sublatis3
361 2236 438 2333 an,
462 2246 567 2343 quod
593 2244 822 2341 probabilius
847 2242 910 2330 fit,
947 2243 1167 2343 adscriptum
1187 2258 1224 2321 et

144 2359 338 2435 inclusum
362 2360 451 2435 huic
470 2355 602 2432 mu'ndi
617 2358 729 2455 parti,
759 2370 799 2430 vt
813 2354 882 2430 alla
898 2354 999 2449 aliis3
1026 2380 1073 2431 an
1091 2347 1224 2457 poten-

143 2477 224 2551 tius
255 2474 385 2551 ceteris
415 2470 514 2558 diis,
543 2470 887 2547 ne'mo-faeilenos
915 2469 1094 2549 docuerit.
1171 2470 1224 2550 Vt

146 2602 275 2665 autem
302 2573 446 2665 caelum
475 2587 535 2661 dei
558 2584 731 2674 alicuius,
775 2608 867 2663 mox
898 2600 935 2662 et
956 2587 1140 2685 plurium,
1174 2590 1222 2667 ab
1292 2589 1295 2597 '

146 2716 300 2795 naturae
327 2702 520 2779 elementis
549 2699 766 2797 dudurum,
809 2701 962 2777 deorum
981 2700 1128 2778 sedibus
1145 2700 1224 2779 affi-

148 2830 309 2917 gnorent
327 2808 479 2916 populi,
511 2818 550 2890 iu
567 2831 719 2914 promtu
740 2816 800 2895 vel
815 2814 860 2891 ad
879 2814 1070 2915 lutgarem
1084 2816 1223 2894 intelli-

129 2928 432 3031 ·gentiamfuille
451 2928 606 3008 videtur.
725 2950 759 3007 a.
979 2960 1030 3016 ς

235 3228 238 3236 .
265 3156 387 3238 Restat
417 3170 457 3235 vt
478 3158 573 3235 ‘haec
597 3158 764 3237 uniuersa
789 3158 968 3258 disputata
990 3156 1037 3234 ad
1060 3170 1224 3237 veterem

153 3272 347 3351 Graeciam
368 3274 587 3362 referamus,
621 3290 731 3374 atque
759 3276 934 3350 notiones
960 3275 1061 3361 eius,
1092 3272 1225 3373 ,religi-
1284 3346 1289 3370 ,

137 3410 244 3475 mnes
278 3403 317 3464 et
338 3380 499 3477 cultum,
535 3383 621 3465 cum
645 3388 778 3465 iisdem
800 3410 1079 3486 comparemus3
1113 3394 1225 3489 quae-

115 3598 119 3607 ,
154 3526 228 3603 que
252 3526 298 3579 ex
323 3506 377 3581 iis·
396 3515 460 3579 aut
485 3488 571 3580 cuin
590 3504 670 3579 aliis
692 3502 843 3601 populis
862 3505 1074 3579 communia
1093 3518 1159 3579 aut
1175 3526 1225 3579 err
1287 3512 1291 3517 ’

153 3618 245 3695 caeli
263 3616 405 3719 solique
430 3606 592 3707 ra‘tione,
624 3631 687 3693 aut
701 3616 875 3693 fortunae
890 3617 1027 3695 cafibus
1043 3631 1080 3693 et
1096 3615 1225 3693 vicissi·
1292 3666 1295 3671 -

155 3732 346 3809 tudinibus
372 3733 533 3809 habuere
555 3734 722 3832 propria,
745 3726 890 3831 'paullo
915 3734 1074 3809 curatius
1099 3710 1248 3829 inquil-⁸

155 3870 309 3923 ramum·
364 3844 507 3923 Verum
534 3846 742 3923 festinantes
776 3870 847 3923 nos
875 3862 1007 3945 urgent
1029 3845 1222 3932 sollennia,
1253 3839 1257 3842 ’

157 3982 249 4059 quae
275 3961 429 4037 crastino
454 3962 513 4037 die
536 3963 678 4061 agenda
697 3960 845 4044 instante
870 3962 910 4037 in
929 3961 1066 4063 quibus
1084 3981 1223 4056 pompa

157 4098 200 4151 ex
215 4074 367 4161 aedibus
383 4077 598 4154 academicis
616 4076 794 4163 ducetur,
823 4088 860 4150 et
874 4075 912 4147 iu
928 4070 1072 4168 templo
1088 4072 1225 4147 oratio-
1322 4090 1326 4099 ·

157 4212 219 4267 nes
241 4213 285 4268 ac
311 4192 556 4269 caerimoniae
582 4188 843 4269 solennesrite
859 4186 1114 4265 ¹habebuntur.
1174 4181 1206 4260 Ii

321 4318 328 4337 “
386 4300 391 4305 ’
461 4316 464 4323 ’
1096 4299 1223 4391 itaque
