2992 4992
139 661 290 751 habuit,
323 654 366 737 ui
379 658 549 746 'sumum
567 652 940 737 huruenern'G'reeeia
959 664 1113 741 nurnero
1128 659 1215 761 reli».

140 781 291 877 gioneru
309 777 574 878 reuocauitset
591 793 681 878 uero
699 794 874 852 reuocare
889 774 1026 855 debuit
1087 776 1217 873 Quam

95 948 96 989 3
142 895 252 969 enim·
275 890 438 968 numinis
480 888 639 965 sormam
662 906 704 963 ac
736 886 895 985 speciem
930 888 1110 993 effingunt
1150 891 1248 973 eut*

108 1070 111 1077 .
143 1005 329 1085 mentesue
345 1006 514 1103 cogitent
523 1000 1079 1107 homineselinrnprieterquanr
1090 1006 1214 1087 suomi

148 1114 267 1221 ltaque
300 1143 367 1219 per
408 1137 562 1197 omnent
592 1116 882 1215 septentrionem
913 1134 952 1197 et
981 1138 1148 1201 veterum
1180 1136 1223 1204 ot

143 1228 348 1335 nostrorum
375 1248 590 1332 temporum
614 1228 783 1307 constans
797 1232 849 1307 est
870 1234 1112 1338 barbarorurn
1124 1249 1218 1331 mod,

143 1354 251 1437 etiarn
287 1351 328 1427 in
362 1344 552 1428 mdiffima·
579 1358 685 1431 arte,
739 1347 976 1446 eisprimeudi
1009 1351 1102 1429 deos
1135 1353 1220 1432 drot

95 1486 97 1517 l
142 1464 239 1555 iestis¹
260 1464 431 1543 humana.
498 1460 552 1539 Vt
573 1482 665 1535 uero
691 1458 737 1540 ad
767 1463 1012 1541 animantium
1025 1466 1235 1547 fomasin‘

95 1580 96 1585 ‘
142 1582 272 1659 diuina
295 1578 424 1679 specie
440 1573 650 1677 effingenda
678 1576 892 1674 oberrarent
924 1578 1120 1673 homines,
1168 1582 1223 1663 fae

143 1694 240 1774 dum
266 1693 337 1783 est,
378 1716 420 1769 ac
442 1690 520 1769 fieri
547 1691 693 1779 debuit,
730 1690 916 1769 intereos
940 1694 1219 1799 populos,-qol

95 1810 96 1813 '
142 1808 400 1909 hieroglyphis
426 1832 468 1889 uc
484 1805 663 1907 symbolis
680 1819 846 1883 enatura
859 1814 926 1907 per
941 1809 1063 1887 sensus
1077 1812 1221 1891 obieris

143 1924 260 2006 dusiis
290 1925 464 2002 notiones
491 1922 700 2014 sputorum
726 1920 911 1998 declarare
933 1922 1033 2001 soliti
1055 1925 1140 2003 sunt
1158 1938 1224 2005 eut

143 2039 267 2117 adhuc
289 2036 422 2121 solent.
490 2034 689 2123 Recedunt
710 2033 750 2110 hi
774 2058 794 2111 a
824 2048 955 2113 natura
987 2038 1150 2118 humana
1183 2045 1226 2119 in

144 2154 236 2244 diis,
273 2149 618 2253 quandoquidem,
647 2147 693 2223 de
724 2151 770 2223 iis
791 2171 889 2249 quae
907 2154 1036 2227 ammo
1051 2153 1225 2243 sentiunt,

141 2289 278 2369 parurn
302 2265 480 2365 explicita
503 2276 545 2337 et
566 2259 780 2356 exploratu,
807 2282 879 2339 net
902 2264 1025 2338 uerbis
1053 2286 1124 2341 nec
1146 2266 1229 2344 scri·-

141 2394 259 2482 ptura
276 2375 480 2483 ‚quomodo
501 2370 704 2449 commode
730 2370 904 2461 reddant,
936 2375 974 2450 iu
991 2394 1143 2475 promtu
1164 2380 1229 2459 lu·

143 2497 258 2575 beut:
299 2487 467 2569 Obscura
494 2490 620 2585 itaque
642 2507 710 2585 per
734 2485 857 2566 nrulto
877 2491 990 2576 etiem
1014 2493 1228 2579 obsonium

125 2702 128 2712 ¹
145 2606 387 2710 exprimunt3
415 2602 571 2700 evulgo
588 2623 681 2679 mox
694 2604 853 2677 omniuo
867 2606 1038 2703 ignorata
1052 2623 1091 2686 et
1103 2609 1228 2690 seruili
1335 2592 1343 2605 ⁸

145 2725 298 2823 stupore
325 2734 463 2803 temere
487 2719 655 2817 repetita.
714 2712 858 2793 Verum
874 2721 915 2795 in·
938 2719 1094 2802 Graecia
1110 2726 1231 2803 multe

145 2860 328 2923 euenere,
374 2856 469 2933 quae
497 2830 581 2908 aliis
604 2831 768 2909 barbatis
790 2854 878 2909 non·
898 2840 1230 2940 contigere,‚qui-
1254 2924 1258 2931 ⁴
1295 2864 1299 2871 ·

147 2953 300 3051 busque
325 2948 422 3025 adeo
444 2944 614 3026 effectum
642 2944 711 3034 est,
742 2960 783 3021 vt
800 2949 846 3023 ab
860 2972 908 3027 eo
927 2949 1082 3028 feritatis
1096 2953 1249 3053 gradus¹

148 3068 192 3145 in
223 3072 303 3165 quo
335 3062 457 3142 adhuc
478 3059 589 3137 musti
619 3059 986 3160 populisubfistunt,
1022 3065 1069 3141 ad
1096 3066 1231 3144 melio-

149 3206 233 3259 rem
261 3178 407 3257 cultum
421 3173 487 3275 ipsi
503 3174 826 3275 progrederentur.
886 3173 1052 3254 Primum
1067 3179 1234 3257 aduenae

152 3319 206 3373 ent
233 3292 314 3371 aliis
344 3289 517 3391 populis,
560 3290 700 3366 maiore
725 3292 986 3389 ingeniorum,
1035 3295 1170 3373 artium
1196 3312 1236 3373 et
1274 3331 1307 3355 «-

151 3407 362 3487 litterarum
387 3404 533 3487 cultura
562 3400 758 3503 expolitis,
789 3403 992 3503 religiones
1014 3430 1057 3485 ac
1070 3408 1162 3487 ritus
1176 3413 1236 3487 in-

153 3520 342 3625 tulere,si
365 3542 445 3622 nou
461 3518 621 3597 saniores
646 3541 690 3594 uc
714 3520 903 3617 puriores,
940 3522 1168 3621 ingeniosius
1181 3540 1238 3603 ta-

153 3660 248 3717 men
282 3635 483 3733 descriptos
516 3646 554 3710 et
595 3632 837 3722 constitutos,
883 3647 992 3711 etex
1017 3640 1238 3719 notionibus

156 3753 254 3829 certi
277 3750 424 3849 generis
452 3746 740 3847 philosophicis,
787 3748 917 3847 quales
950 3751 1015 3828 illa
1039 3753 1243 3832 hominum

158 3879 259 3943 netas
290 3864 449 3951 serebat,
505 3860 751 3960 compofitos3
801 3884 964 3960 quorum
989 3867 1128 3946 rituum
1150 3890 1240 3945 curn

158 3978 263 4059 haud
290 3978 385 4053 udeo
409 3998 544 4075 magna
567 3972 653 4052 ellet
675 3974 930 4055 dissimilitudo
948 4002 1035 4055 cum
1053 3983 1118 4070 iis,
1142 4002 1242 4079 quos

159 4092 264 4194 ipfia
285 4092 451 4191 patribus
476 4105 711 4191 acceperant,
752 4113 822 4166 nec
850 4089 973 4189 primo
997 4093 1117 4169 statim
1145 4109 1243 4174 nutu
1299 4164 1303 4171 ,
1399 4143 1402 4150 ·

160 4209 408 4313 imperaretur
431 4228 520 4283 eaue
545 4202 1028 4391 neeessrttsgmponeretur‚
1055 4220 1243 4394 vtomsna
1270 4248 1277 4261 .

243 4336 249 4345 ¹
752 4404 756 4413 .
791 4342 808 4411 5
1180 4341 1245 4395 uus
