2992 4992
309 573 324 621 ι
382 518 436 595 ‘t
816 531 821 541 '
903 532 909 545 '
983 633 987 643 ,
1113 537 1216 645 (ιτς

144 718 287 799 illinrit
314 722 479 820 nullum3
510 740 664 826 eratque
690 726 785 803 illud
808 719 1153 828 staeomparatum,
1185 747 1257 812 vt,

147 834 297 914 caullae
322 838 512 916 hilaritatis
539 842 710 942 publicae
740 865 819 917 non
845 841 892 919 ad
921 845 1228 945 unamaliquam

148 946 361 1043 Ordinem,
396 978 475 1031 non
493 956 537 1030 ad
554 955 651 1033 solos
666 946 905 1044 Profellores,
931 957 977 1031 ad
995 947 1105 1035 Ciues
1122 959 1225 1040 Han·
1300 963 1307 990 ¹
1358 947 1361 954 ⁴

154 1088 392 1175 noueranos,
423 1068 637 1165 speilarent:
667 1082 798 1143 ¹verum
824 1064 1096 1147 commatresve
1113 1073 1227 1163 ellent
1334 1139 1339 1159 ,

153 1178 321 1263 laetandi
350 1180 474 1257 caulae
511 1182 689 1271 omnibus
717 1183 843 1271 vobis,
879 1183 1080 1284 'quotquot
1102 1185 1225 1263 Musa-

146 1317 237 1385 rum
262 1296 531 1383 contubernio,
571 1282 944 1393 litterarumquehac
968 1296 1227 1378 necessltudiue
1274 1300 1277 1305 ’

106 1408 109 1411 ’
143 1422 187 1483 et
216 1410 501 1506 communitate,
527 1408 736 1489 *habemini
799 1406 942 1488 Omnes
967 1414 1067 1487 enirn
1090 1435 1157 1491 vos
1175 1428 1228 1491 at-

144 1524 318 1619 tingere,
353 1522 398 1599 ad
414 1520 480 1600 vo's
496 1521 668 1623 spectare,
696 1522 907 1623 vestrosque
921 1528 1086 1616 animos,
1112 1522 1229 1606 Cont-
1273 1535 1291 1628 ᾗ
1317 1542 1321 1552 ’

110 1636 361 1725 militones,
411 1654 649 1713 commouere
679 1633 820 1715 neeeffe'
853 1652 931 1715 erat
956 1639 1072 1731 illud,-
1111 1642 1228 1742 {quod
1333 1653 1341 1724 ³,

142 1752 364 1826 communia
403 1752 515 1829 velita
553 1747 669 1829 studia
702 1754 850 1843 iuuare,
901 1751 1016 1845 alere,
1059 1758 1225 1849 incitare,
1303 1815 1337 1826 ,Ι

147 1864 274 1971 narrltn
310 1867 427 1963 magis
461 1862 566 1966 quod
589 1886 630 1943 ta
651 1887 803 1956 ornare,
839 1869 880 1942 in
902 1867 1026 1946 lucem
1051 1871 1221 1961 educere,
1248 1959 1250 1982 Ι

147 1981 397 2079 praemiisque
420 1976 562 2067 afficere
591 1980 760 2057 deberet:
796 1979 911 2080 idque
937 1980 964 2057 fi
988 1982 1034 2059 ad
1052 2007 1119 2061 uns
1138 2009 1226 2063 curn

148 2094 316 2169 maxiano
343 2094 526 2195 pertinere
552 2094 843 2189 arbitrabamini,
882 2092 961 2170 fieri
984 2120 1063 2183 non
1087 2102 1224 2198 potuit,

149 2209 244 2305 quin
268 2199 452 2294 auiioiem
477 2231 631 2311 quoque
652 2211 751 2294 ,tanti
774 2204 960 2298 beneficii,
998 2223 1119 2294 tantae
1142 2212 1225 2289 feli·
1318 2246 1321 2251 ¹

149 2323 299 2409 citatis,
326 2325 519 2399 communi
545 2319 785 2406 veneratione
807 2336 844 2400 et
860 2324 995 2420 pietate
1011 2323 1225 2416 colendum,
1264 2412 1268 2421 ,
1338 2395 1340 2404 ,
1374 2322 1380 2329 ’

145 2440 185 2511 e't
213 2433 351 2525 festum
372 2435 469 2517 diem
499 2426 539 2516 in
564 2407 643 2513 elus
663 2435 856 2513 »honorem
878 2438 1054 2514 celebrari
1075 2437 1225 2521 solitum
1257 2525 1261 2531 ,

148 2572 168 2625 a
192 2550 301 2626 vobis
324 2559 479 2651 qunque
495 2548 668 2629 uniuerfis
689 2549 894 2628 sollennem
912 2550 1145 2653 sentiumque
1163 2554 1240 2636 ha·,
1265 2545 1297 2613 ''-
1351 2571 1354 2575 ·

143 2663 335 2753 bendum,
361 2679 407 2743 et
432 2666 616 2765 panegyri·
632 2663 858 2766 publicaque
879 2664 1014 2743 laetitia
1035 2668 1107 2743 rite
1131 2668 1229 2747 cele·
1345 2679 1354 2696 ⁶

147 2778 336 2855 brandum
357 2781 542 2879 putaretis.
570 2775 687 2863 -.Erat
714 2792 838 2857 autem
859 2779 938 2857 dies
958 2780 1087 2871 natalis
1107 2779 1240 2882 Regis*

149 2892 263 2970 nostri
295 2890 560 2991 Augustiffimi,
607 2888 895 2984 GEORGII,
936 2893 991 2972 nt
1018 2893 1229 2973 Britanniae
1329 2944 1333 2953 s

145 3002 305 3105 Regis,-
324 3010 503 3084 terrartim
524 3004 1102 3106 erratrice-Luneuurgenfium
1122 3001 1241 3086 Prin·¹

151 3122 244 3220 cipis
276 3117 471 3211 Eleiloris‚
506 3135 630 3222 “quem
661 3122 803 3199 saluum
834 3137 871 3197 et
903 3121 1135 3198 ineolumem
1156 3124 1256 3214 rei-1

151 3233 324 3333 publicae
345 3235 451 3313 saluti
472 3234 519 3317 ac·
538 3236 766 3336 prosperitati
788 3235 1046 3333 inuigilantem
1067 3206 1226 3331 laetab22

150 3372 233 3425 mur
268 3372 311 3426 ac
345 3349 638 3457 gratulabamur,
664 3351 855 3447 rotisque
886 3346 928 3426 a‘c
953 3346 1146 3447 precibus,
1187 3347 1228 3441 id

148 3464 257 3562 quod
282 3465 486 3543 etiamnum
507 3464 681 3559 facimus,
714 3458 842 3539 Deum
865 3455 916 3541 O.
941 3460 1236 3541 M.·0bsecraba-'

152 3601 253 3682 naus,
300 3592 341 3655 vt
367 3576 557 3655 Parentem
589 3567 754 3679 nostrum
786 3599 828 3653 ac
858 3574 1093 3656 Numitorem
1118 3601 1222 3657 cnm·
1261 3598 1273 3619 ⁸

152 3709 304 3769 munem
323 3689 498 3769 omnibus
515 3690 686 3793 publicae
704 3689 942 3791 priuataeque
959 3690 1141 3770 felicitatis
1159 3693 1230 3769 bo-

153 3807 208 3881 nis
232 3807 439 3895 cumulare,
477 3820 517 3907 vt
534 3804 714 3905 Reginam
730 3804 1033 3906 Augustiffimam,
1062 3806 1227 3905 stirpem

150 3940 226 4019 que
250 3918 404 4021 Regiam
427 3919 729 4011 florentiffimam,
760 3921 842 3998 suae
859 3920 996 3999 tutelae
1017 3918 1228 3997 mandatam
1336 4003 1339 4011 ,

154 4030 222 4109 elle
254 4036 424 4138 iuberet,
462 4058 619 4137 eamque
650 4037 697 4136 ab
729 4038 774 4113 iis
800 4034 908 4112 malis
942 4059 985 4113 ac
1015 4031 1154 4109 casabus
1170 4034 1258 4143 inq*
1304 4088 1308 4096 -

152 4147 281 4224 tanam
313 4146 384 4225 elle
400 4143 550 4249 ‘relleu
593 4152 748 4251 quibus,
792 4162 834 4226 at
858 4150 933 4227 sors
958 4148 1118 4225 humana
1143 4146 1227 4234 fert,

87 4336 88 4339 a
155 4261 371 4344 numerosae
385 4262 692 4346 sobolis'felicitas
709 4266 874 4346 obnoxia
894 4259 963 4342 elle
976 4258 1081 4341 solet
1110 4256 1229 4336 Pietas

1110 4370 1225 4474 igitur
