2992 4992
132 630 271 730 aliquo
293 627 395 727 signo
416 628 555 763 pollio,
588 628 634 707 ad
657 628 762 729 quod
788 629 881 705 ritus
903 624 1024 707 certor
1056 627 1215 726 iacerem

132 758 270 842 neque
291 742 362 820 alio
378 748 532 823 nomine
553 759 617 822 aut
629 742 792 843 fignum
820 756 883 819 aut
909 745 1041 844 religio
1067 742 1215 843 indige·

134 860 226 946 bat.¹
255 876 363 965 quarn
382 860 509 957 quod
505 862 582 977 eius
604 858 765 937 familiae
780 869 818 935 et
832 855 920 935 'esset
938 873 974 936 et
999 859 1208 936 haberetur

133 971 309 1050 Mansere
339 996 388 1050 ex
421 975 497 1051 hoc
530 998 665 1073 genere
699 974 797 1050 sacra
824 995 944 1073 pauca
950 972 1209 1069 familiarum,

134 1110 230 1187 quae
266 1110 358 1189 opes
405 1103 443 1165 et
473 1092 682 1221 potentiam
715 1092 811 1166 inter
841 1087 927 1166 suos
961 1087 1212 1189 consequutae

132 1214 265 1293 erant,
300 1206 441 1305 quippe
470 1206 509 1280 in
539 1223 697 1305 quarum
725 1204 820 1279 sacra
844 1199 1015 1314 transiisse
1039 1202 1212 1279 videntur

130 1314 194 1393 alii
219 1316 287 1393 seu
304 1318 458 1395 clientes
473 1318 533 1396 seu
557 1318 758 1419 populares
779 1303 951 1393 accides
1020 1308 1214 1417 Superfuil

128 1443 258 1507 tamen
279 1454 327 1509 ex
341 1448 469 1511 vetere
480 1458 586 1512 more
604 1434 736 1533 religio
759 1426 911 1512 Larium
938 1452 980 1511 ac
1003 1428 1212 1521 Penatium

126 1547 257 1623 multo
269 1550 399 1648 magis
396 1549 637 1649 frequentata
651 1549 751 1627 illa
739 1573 778 1625 ιιι
796 1546 901 1625 Italia
919 1572 1032 1679 quam
1046 1536 1212 1623 inGrae

127 1662 203 1756 cia3
240 1664 282 1737 in
309 1687 381 1764 qua
405 1664 649 1765 religionibus
676 1662 837 1766 publicis
862 1666 1022 1741 omnino
1047 1663 1212 1763 priuatae

129 1720 267 1853 cessisse
294 1780 393 1853 etin
420 1778 699 1857 desuetudinem
721 1776 844 1855 abiisse
872 1778 1068 1872 videntur3
1109 1772 1211 1876 apud

129 1886 328 1993 Romanos
350 1916 439 1970 vero
458 1908 495 1971 et
511 1890 681 1973 Etruscos
707 1892 1072 1971 minus‘obscuratus
1094 1887 1213 1967 Pena·

129 2007 231 2082 tium
241 2030 289 2081 ac
309 2002 459 2085 Larium
480 2010 622 2099 honos,
654 2006 722 2085 niu
748 2007 814 2085 sub
840 2000 1034 2085 Caesarum
1060 2006 1213 2105 demuui
1269 2017 1277 2027 ⁴

129 2130 315 2218 tempora.
375 2122 447 2199 Sed
461 2125 500 2199 in
520 2122 674 2202 Graecia
694 2137 837 2210 vetere,
878 2133 965 2197 cum
991 2122 1118 2215 magni
1143 2118 1214 2192 bo·
1268 2169 1279 2179 -

129 2236 285 2309 nrinur'n
305 2250 435 2312 coetus
456 2262 478 2312 e
501 2236 674 2334 pluribus
700 2234 850 2309 familiis
881 2230 1134 2318 confluerent,
1166 2228 1216 2309 dii

122 2350 261 2445 patrii,
291 2347 456 2443 stirpium
483 2352 625 2447 primo,
655 2362 737 2423 tum
763 2338 932 2422 urorum
955 2368 1001 2421 ac
1023 2346 1238 2422 ciuitatum'

94 2460 95 2465 ‘
131 2459 240 2551 sasli,
270 2462 668 2562 nominaquoquesua
691 2473 931 2561 acceperunt,
968 2482 1131 2561 quorum
1160 2473 1214 2537 ta·

131 2598 222 2651 rnen
239 2577 314 2651 vim
339 2590 377 2653 et
402 2579 586 2676 originem
609 2577 835 2699 plerumque
859 2572 1075 2663 obliterauit
1106 2589 1213 2652 vetu-

132 2688 211 2765 stas.
273 2686 471 2787 Eminuere
489 2706 611 2767 autern
628 2689 726 2767 inter'
749 2714 813 2767 eos
844 2684 1118 2766 nonnullorum
1138 2714 1211 2767 no·

96 2906 97 2909 ,
135 2807 256 2893 mina‘,
288 2807 423 2905 quibus
438 2806 651 2883 adiuntlum
669 2829 824 2916 quoque
839 2804 943 2903 saepe
968 2803 1045 2881 loci
1070 2823 1212 2881 nomen

137 2916 298 2997 declarat
313 2923 467 3018 patriam
485 2920 725 3018 religionem,
752 2934 792 2996 vt
818 2906 921 2996 Iouis
949 2914 1104 3025 Lycaei,
1148 2916 1212 2993 lu·

138 3036 246 3111 nonis
262 3032 443 3132 Argiuae,
486 3034 668 3135 Apollinis
692 3032 901 3134 Amyclaei,
936 3045 974 3107 et
998 3031 1045 3117 src
1078 3052 1209 3129 porro.

139 3160 172 3221 at
192 3150 234 3223 in
257 3147 341 3246 ipsis
370 3149 601 3248 religionum·
614 3148 707 3227 locis
722 3149 887 3248 πατρῷοι
905 3144 1036 3233 Ioues,
1069 3142 1213 3245 Apolli-

140 3284 222 3350 nes,
254 3260 453 3349 Mercurii,
480 3262 700 3358 audiebant3
730 3278 770 3341 vt
790 3285 837 3339 ex
853 3258 1026 3337 Pausania
1043 3259 1212 3359 inprimis

141 3376 181 3449 ad
197 3376 500 3476 cognoscendum
520 3378 558 3453 in
575 3395 727 3478 promtu
750 3378 809 3455 est.
869 3372 1012 3451 Verum
1026 3372 1118 3451 haec
1139 3376 1214 3451 iani

142 3488 211 3567 alio
234 3492 322 3569 loco
354 3493 570 3591 diligentius
603 3492 766 3591 exposita
794 3491 841 3588 d)
869 3489 1079 3567 summatim
1111 3512 1215 3565 nunc
1288 3523 1290 3526 ·

141 3609 435 3685 memorauimus.
518 3605 717 3705 Attigimus
752 3606 848 3684 illud
881 3628 1054 3705 quoque,
1109 3598 1216 3703 quod

143 3740 221 3796 curn
247 3722 486 3801 barbarorum
503 3722 733 3823 populorum
749 3724 942 3799 communi
960 3744 1064 3796 more
1085 3740 1128 3794 au
1142 3718 1217 3791 ritu
1268 3770 1274 3779 .

145 3838 336 3924 conuenit,
374 3835 479 3935 quod
504 3838 612 3915 certis
637 3836 731 3915 locis
759 3836 864 3913 suum
892 3835 1115 3934 affignarunt
1146 3852 1217 3903 nu-

146 3969 225 4025 men
257 3968 397 4028 veteres
434 3948 591 4041 Graeci,
640 3953 810 4051 inprimis
835 3953 1049 4037 montibus,
1095 3942 1198 4131 ἔ
1115 3942 1245 4030 1⁰18,

100 4084 102 4093 ’
701 4063 785 4164 B4
892 4102 895 4105 ·
1123 4060 1217 4137 unai-

202 4218 245 4303 ι)
266 4218 303 4285 u
330 4218 458 4305 origine
472 4232 500 4289 ιι
518 4216 639 4308 cauffls
650 4223 837 4305 saturarum
858 4198 1138 4286 Hammon
1152 4220 1218 4286 no·
1245 4253 1248 4258 -

251 4305 299 4385 ule
313 4305 524 4372 commentar.
541 4308 613 4373 Suu.
631 4308 673 4373 G.
693 4307 868 4380 Volusii,
879 4326 909 4385 p·
920 4319 972 4383 31·
