<?xml version="1.0" encoding="UTF-8"?>
<!DOCTYPE html PUBLIC "-//W3C//DTD XHTML 1.0 Transitional//EN"
    "http://www.w3.org/TR/xhtml1/DTD/xhtml1-transitional.dtd">
<html xmlns="http://www.w3.org/1999/xhtml" xml:lang="en" lang="en">
 <head>
  <title>
</title>
<meta http-equiv="Content-Type" content="text/html;charset=utf-8" />
  <meta name='ocr-system' content='tesseract 3.04.00' />
  <meta name='ocr-capabilities' content='ocr_page ocr_carea ocr_par ocr_line ocrx_word'/>
</head>
<body>
  <div class='ocr_page' id='page_1' title='image "./opvscvlaacademi02heyngoog/opvscvlaacademi02heyngoog_0025.png"; bbox 0 0 2992 4992; ppageno 0'>
   <div class='ocr_carea' id='block_1_1' title="bbox 301 462 974 565">
    <p class='ocr_par' dir='ltr' id='par_1_1' title="bbox 301 462 974 565">
     <span class='ocr_line' id='line_1_1' title="bbox 301 462 974 565; baseline -0.024 -2"><span class='ocrx_word' id='word_1_1' title='bbox 301 462 387 563; x_wconf 20' lang='lat' dir='ltr'>ra·</span> <span class='ocrx_word' id='word_1_2' title='bbox 614 481 974 565; x_wconf 62' lang='grc' dir='ltr'>ἐεξξ</span> 
     </span>
    </p>
   </div>
   <div class='ocr_carea' id='block_1_2' title="bbox 136 592 1421 1346">
    <p class='ocr_par' dir='ltr' id='par_1_2' title="bbox 136 592 1421 1346">
     <span class='ocr_line' id='line_1_2' title="bbox 333 592 1421 628; baseline 0.001 -1"><span class='ocrx_word' id='word_1_3' title='bbox 333 622 336 627; x_wconf 78' lang='grc'>,</span> <span class='ocrx_word' id='word_1_4' title='bbox 1419 592 1421 628; x_wconf 82' lang='grc' dir='ltr'>Ι</span> 
     </span>
     <span class='ocr_line' id='line_1_3' title="bbox 159 664 1368 776; baseline -0.004 -16"><span class='ocrx_word' id='word_1_5' title='bbox 159 725 161 730; x_wconf 68' lang='lat'>,</span> <span class='ocrx_word' id='word_1_6' title='bbox 180 716 184 745; x_wconf 79' lang='grc' dir='ltr'>ι</span> <span class='ocrx_word' id='word_1_7' title='bbox 205 709 208 728; x_wconf 60' lang='lat'>,</span> <span class='ocrx_word' id='word_1_8' title='bbox 293 664 663 772; x_wconf 68' lang='lat' dir='ltr'>solemr&#39;nirarentur3</span> <span class='ocrx_word' id='word_1_9' title='bbox 684 676 739 764; x_wconf 69' lang='lat' dir='ltr'>er</span> <span class='ocrx_word' id='word_1_10' title='bbox 755 677 846 753; x_wconf 71' lang='lat' dir='ltr'>‘raro</span> <span class='ocrx_word' id='word_1_11' title='bbox 863 676 994 754; x_wconf 88' lang='lat' dir='ltr'>diuino</span> <span class='ocrx_word' id='word_1_12' title='bbox 1010 674 1139 776; x_wconf 79' lang='lat' dir='ltr'>aliquo</span> <span class='ocrx_word' id='word_1_13' title='bbox 1154 674 1259 753; x_wconf 85' lang='lat' dir='ltr'>cultu</span> <span class='ocrx_word' id='word_1_14' title='bbox 1276 698 1368 755; x_wconf 82' lang='lat' dir='ltr'>eum</span> 
     </span>
     <span class='ocr_line' id='line_1_4' title="bbox 293 780 1367 891; baseline -0.006 -20"><span class='ocrx_word' id='word_1_15' title='bbox 293 780 574 882; x_wconf 58' lang='lat' dir='ltr'>ieneratentur,</span> <span class='ocrx_word' id='word_1_16' title='bbox 605 792 683 869; x_wconf 83' lang='lat' dir='ltr'>lieri</span> <span class='ocrx_word' id='word_1_17' title='bbox 697 816 776 868; x_wconf 92' lang='lat' dir='ltr'>non</span> <span class='ocrx_word' id='word_1_18' title='bbox 799 789 956 891; x_wconf 89' lang='lat' dir='ltr'>potuille</span> <span class='ocrx_word' id='word_1_19' title='bbox 981 791 1128 868; x_wconf 84' lang='lat' dir='ltr'>videtur</span> <span class='ocrx_word' id='word_1_20' title='bbox 1144 804 1230 867; x_wconf 88' lang='lat' dir='ltr'>ante</span> <span class='ocrx_word' id='word_1_21' title='bbox 1255 814 1367 889; x_wconf 57' lang='lat' dir='ltr'>agr07</span> 
     </span>
     <span class='ocr_line' id='line_1_5' title="bbox 237 904 1369 1008; baseline -0.005 -22"><span class='ocrx_word' id='word_1_22' title='bbox 237 916 240 933; x_wconf 76' lang='grc'>’</span> <span class='ocrx_word' id='word_1_23' title='bbox 292 932 377 986; x_wconf 86' lang='lat' dir='ltr'>rum</span> <span class='ocrx_word' id='word_1_24' title='bbox 396 906 540 989; x_wconf 87' lang='lat' dir='ltr'>cultum</span> <span class='ocrx_word' id='word_1_25' title='bbox 554 921 743 1008; x_wconf 87' lang='lat' dir='ltr'>repertum</span> <span class='ocrx_word' id='word_1_26' title='bbox 761 906 820 983; x_wconf 87' lang='lat' dir='ltr'>vel</span> <span class='ocrx_word' id='word_1_27' title='bbox 836 904 1001 997; x_wconf 85' lang='lat' dir='ltr'>illatum,</span> <span class='ocrx_word' id='word_1_28' title='bbox 1028 930 1109 1005; x_wconf 86' lang='lat' dir='ltr'>quo</span> <span class='ocrx_word' id='word_1_29' title='bbox 1134 905 1285 984; x_wconf 80' lang='lat' dir='ltr'>dentum</span> <span class='ocrx_word' id='word_1_30' title='bbox 1306 908 1369 981; x_wconf 88' lang='lat' dir='ltr'>in-</span> 
     </span>
     <span class='ocr_line' id='line_1_6' title="bbox 186 1019 1369 1123; baseline -0.005 -21"><span class='ocrx_word' id='word_1_31' title='bbox 186 1068 187 1071; x_wconf 30' lang='lat'>*</span> <span class='ocrx_word' id='word_1_32' title='bbox 234 1064 238 1075; x_wconf 71' lang='lat'><em>›</em></span> <span class='ocrx_word' id='word_1_33' title='bbox 293 1022 482 1101; x_wconf 72' lang='lat' dir='ltr'>telltllum</span> <span class='ocrx_word' id='word_1_34' title='bbox 500 1022 568 1111; x_wconf 81' lang='lat' dir='ltr'>eu,</span> <span class='ocrx_word' id='word_1_35' title='bbox 596 1037 735 1123; x_wconf 89' lang='lat' dir='ltr'>quanta</span> <span class='ocrx_word' id='word_1_36' title='bbox 760 1020 805 1098; x_wconf 84' lang='lat' dir='ltr'>fit</span> <span class='ocrx_word' id='word_1_37' title='bbox 820 1020 906 1098; x_wconf 77' lang='lat' dir='ltr'>solia</span> <span class='ocrx_word' id='word_1_38' title='bbox 922 1024 976 1099; x_wconf 91' lang='lat' dir='ltr'>vis</span> <span class='ocrx_word' id='word_1_39' title='bbox 1004 1020 1050 1098; x_wconf 88' lang='lat' dir='ltr'>ad</span> <span class='ocrx_word' id='word_1_40' title='bbox 1076 1019 1201 1120; x_wconf 79' lang='lat' dir='ltr'>fruges</span> <span class='ocrx_word' id='word_1_41' title='bbox 1225 1021 1369 1120; x_wconf 89' lang='lat' dir='ltr'>produ·</span> 
     </span>
     <span class='ocr_line' id='line_1_7' title="bbox 136 1136 1368 1237; baseline -0.004 -21"><span class='ocrx_word' id='word_1_42' title='bbox 136 1165 141 1177; x_wconf 89' lang='lat'><strong>·</strong></span> <span class='ocrx_word' id='word_1_43' title='bbox 294 1137 446 1232; x_wconf 86' lang='lat' dir='ltr'>cendas;</span> <span class='ocrx_word' id='word_1_44' title='bbox 475 1152 555 1215; x_wconf 87' lang='lat' dir='ltr'>turn</span> <span class='ocrx_word' id='word_1_45' title='bbox 575 1148 788 1237; x_wconf 86' lang='lat' dir='ltr'>temporum</span> <span class='ocrx_word' id='word_1_46' title='bbox 805 1138 903 1215; x_wconf 83' lang='lat' dir='ltr'>vices</span> <span class='ocrx_word' id='word_1_47' title='bbox 926 1136 973 1213; x_wconf 87' lang='lat' dir='ltr'>ad</span> <span class='ocrx_word' id='word_1_48' title='bbox 996 1140 1074 1213; x_wconf 79' lang='lat' dir='ltr'>eius</span> <span class='ocrx_word' id='word_1_49' title='bbox 1090 1137 1192 1211; x_wconf 73' lang='lat' dir='ltr'>uices</span> <span class='ocrx_word' id='word_1_50' title='bbox 1216 1158 1258 1210; x_wconf 91' lang='lat' dir='ltr'>ac</span> <span class='ocrx_word' id='word_1_51' title='bbox 1279 1156 1368 1211; x_wconf 90' lang='lat' dir='ltr'>cur-</span> 
     </span>
     <span class='ocr_line' id='line_1_8' title="bbox 285 1247 1368 1346; baseline -0.013 -15"><span class='ocrx_word' id='word_1_52' title='bbox 285 1252 374 1331; x_wconf 81' lang='lat' dir='ltr'>·sunr</span> <span class='ocrx_word' id='word_1_53' title='bbox 387 1253 604 1330; x_wconf 83' lang='lat' dir='ltr'>constitutae</span> <span class='ocrx_word' id='word_1_54' title='bbox 614 1277 625 1346; x_wconf 91' lang='lat'>;</span> <span class='ocrx_word' id='word_1_55' title='bbox 652 1253 739 1330; x_wconf 82' lang='lat' dir='ltr'>indu</span> <span class='ocrx_word' id='word_1_56' title='bbox 757 1250 803 1329; x_wconf 87' lang='lat' dir='ltr'>ad</span> <span class='ocrx_word' id='word_1_57' title='bbox 818 1251 1011 1329; x_wconf 48' lang='lat' dir='ltr'>lunamuac</span> <span class='ocrx_word' id='word_1_58' title='bbox 1027 1249 1140 1327; x_wconf 76' lang='lat' dir='ltr'>sidera</span> <span class='ocrx_word' id='word_1_59' title='bbox 1157 1247 1272 1326; x_wconf 76' lang='lat' dir='ltr'>‘simili</span> <span class='ocrx_word' id='word_1_60' title='bbox 1292 1253 1368 1326; x_wconf 84' lang='lat' dir='ltr'>mi.</span> 
     </span>
    </p>
   </div>
   <div class='ocr_carea' id='block_1_3' title="bbox 158 1361 1367 1468">
    <p class='ocr_par' dir='ltr' id='par_1_3' title="bbox 158 1361 1367 1468">
     <span class='ocr_line' id='line_1_9' title="bbox 158 1361 1367 1468; baseline -0.006 -20"><span class='ocrx_word' id='word_1_61' title='bbox 158 1378 200 1468; x_wconf 77' lang='lat'>.&#39;</span> <span class='ocrx_word' id='word_1_62' title='bbox 290 1370 493 1447; x_wconf 84' lang='lat' dir='ltr'>rationeac</span> <span class='ocrx_word' id='word_1_63' title='bbox 524 1363 1009 1466; x_wconf 54' lang='lat' dir='ltr'>religionescomplertenda</span> <span class='ocrx_word' id='word_1_64' title='bbox 1033 1361 1249 1465; x_wconf 83' lang='lat' dir='ltr'>procellam.</span> <span class='ocrx_word' id='word_1_65' title='bbox 1317 1363 1367 1441; x_wconf 90' lang='lat' dir='ltr'>Iu</span> 
     </span>
    </p>
   </div>
   <div class='ocr_carea' id='block_1_4' title="bbox 183 1480 1368 1695">
    <p class='ocr_par' dir='ltr' id='par_1_4' title="bbox 183 1480 1368 1695">
     <span class='ocr_line' id='line_1_10' title="bbox 291 1480 1368 1591; baseline -0.004 -33"><span class='ocrx_word' id='word_1_66' title='bbox 291 1482 337 1558; x_wconf 84' lang='lat' dir='ltr'>iis</span> <span class='ocrx_word' id='word_1_67' title='bbox 355 1483 481 1581; x_wconf 86' lang='lat' dir='ltr'>itaque</span> <span class='ocrx_word' id='word_1_68' title='bbox 495 1480 606 1570; x_wconf 90' lang='lat' dir='ltr'>locis,</span> <span class='ocrx_word' id='word_1_69' title='bbox 637 1485 677 1556; x_wconf 94' lang='lat' dir='ltr'>in</span> <span class='ocrx_word' id='word_1_70' title='bbox 692 1483 831 1580; x_wconf 89' lang='lat' dir='ltr'>quibus</span> <span class='ocrx_word' id='word_1_71' title='bbox 847 1483 1025 1591; x_wconf 86' lang='lat' dir='ltr'>maturior</span> <span class='ocrx_word' id='word_1_72' title='bbox 1037 1481 1114 1555; x_wconf 83' lang='lat' dir='ltr'>¹fuit</span> <span class='ocrx_word' id='word_1_73' title='bbox 1133 1481 1267 1568; x_wconf 81' lang='lat' dir='ltr'>aratir),</span> <span class='ocrx_word' id='word_1_74' title='bbox 1285 1502 1368 1555; x_wconf 86' lang='lat' dir='ltr'>rna·</span> 
     </span>
     <span class='ocr_line' id='line_1_11' title="bbox 183 1591 1364 1695; baseline -0.003 -24"><span class='ocrx_word' id='word_1_75' title='bbox 183 1668 189 1687; x_wconf 68' lang='grc'>,</span> <span class='ocrx_word' id='word_1_76' title='bbox 213 1612 216 1621; x_wconf 56' lang='lat'>¹</span> <span class='ocrx_word' id='word_1_77' title='bbox 292 1597 472 1673; x_wconf 82' lang='lat' dir='ltr'>tutiorem</span> <span class='ocrx_word' id='word_1_78' title='bbox 489 1608 642 1695; x_wconf 82' lang='lat' dir='ltr'>quoque</span> <span class='ocrx_word' id='word_1_79' title='bbox 656 1595 743 1671; x_wconf 85' lang='lat' dir='ltr'>solis</span> <span class='ocrx_word' id='word_1_80' title='bbox 761 1608 800 1671; x_wconf 91' lang='lat' dir='ltr'>et</span> <span class='ocrx_word' id='word_1_81' title='bbox 824 1594 982 1672; x_wconf 86' lang='lat' dir='ltr'>fiderurn</span> <span class='ocrx_word' id='word_1_82' title='bbox 1011 1594 1154 1671; x_wconf 86' lang='lat' dir='ltr'>cultum</span> <span class='ocrx_word' id='word_1_83' title='bbox 1177 1591 1364 1694; x_wconf 83' lang='lat' dir='ltr'>prodiille,</span> 
     </span>
    </p>
   </div>
   <div class='ocr_carea' id='block_1_5' title="bbox 82 1702 1366 1825">
    <p class='ocr_par' dir='ltr' id='par_1_5' title="bbox 82 1702 1366 1825">
     <span class='ocr_line' id='line_1_12' title="bbox 82 1702 1366 1825; baseline -0.003 -34"><span class='ocrx_word' id='word_1_84' title='bbox 82 1808 87 1815; x_wconf 26' lang='lat'>¹</span> <span class='ocrx_word' id='word_1_85' title='bbox 157 1702 162 1714; x_wconf 65' lang='grc'><strong>“</strong></span> <span class='ocrx_word' id='word_1_86' title='bbox 216 1802 223 1825; x_wconf 79' lang='lat'>.</span> <span class='ocrx_word' id='word_1_87' title='bbox 291 1712 376 1809; x_wconf 90' lang='lat' dir='ltr'>quis</span> <span class='ocrx_word' id='word_1_88' title='bbox 396 1732 474 1785; x_wconf 90' lang='lat' dir='ltr'>non</span> <span class='ocrx_word' id='word_1_89' title='bbox 487 1709 691 1809; x_wconf 86' lang='lat' dir='ltr'>intelligat,</span> <span class='ocrx_word' id='word_1_90' title='bbox 719 1723 756 1787; x_wconf 84' lang='lat' dir='ltr'>et</span> <span class='ocrx_word' id='word_1_91' title='bbox 771 1708 876 1787; x_wconf 87' lang='lat' dir='ltr'>fimul</span> <span class='ocrx_word' id='word_1_92' title='bbox 897 1710 993 1787; x_wconf 87' lang='lat' dir='ltr'>illud</span> <span class='ocrx_word' id='word_1_93' title='bbox 1008 1709 1218 1809; x_wconf 86' lang='lat' dir='ltr'>perspiciat,</span> <span class='ocrx_word' id='word_1_94' title='bbox 1255 1709 1302 1784; x_wconf 88' lang='lat' dir='ltr'>ab</span> <span class='ocrx_word' id='word_1_95' title='bbox 1319 1709 1366 1787; x_wconf 83' lang='lat' dir='ltr'>iis</span> 
     </span>
    </p>
   </div>
   <div class='ocr_carea' id='block_1_6' title="bbox 147 1818 1421 3404">
    <p class='ocr_par' dir='ltr' id='par_1_6' title="bbox 147 1818 1421 3394">
     <span class='ocr_line' id='line_1_13' title="bbox 290 1818 1366 1924; baseline -0.001 -23"><span class='ocrx_word' id='word_1_96' title='bbox 290 1825 436 1921; x_wconf 89' lang='lat' dir='ltr'>ingenii</span> <span class='ocrx_word' id='word_1_97' title='bbox 449 1823 601 1901; x_wconf 78' lang='lat' dir='ltr'>lrunrani</span> <span class='ocrx_word' id='word_1_98' title='bbox 621 1822 850 1924; x_wconf 85' lang='lat' dir='ltr'>progrelsum</span> <span class='ocrx_word' id='word_1_99' title='bbox 861 1822 963 1903; x_wconf 82' lang='lat' dir='ltr'>fuille</span> <span class='ocrx_word' id='word_1_100' title='bbox 980 1824 1126 1902; x_wconf 83' lang='lat' dir='ltr'>facilem</span> <span class='ocrx_word' id='word_1_101' title='bbox 1139 1827 1184 1902; x_wconf 73' lang='lat' dir='ltr'>&#39;et</span> <span class='ocrx_word' id='word_1_102' title='bbox 1200 1818 1366 1922; x_wconf 82' lang='lat' dir='ltr'>pronu&#39;m</span> 
     </span>
     <span class='ocr_line' id='line_1_14' title="bbox 291 1937 1417 2039; baseline 0.001 -26"><span class='ocrx_word' id='word_1_103' title='bbox 291 1937 340 2019; x_wconf 91' lang='lat' dir='ltr'>ad</span> <span class='ocrx_word' id='word_1_104' title='bbox 354 1950 503 2017; x_wconf 89' lang='lat' dir='ltr'>naturae</span> <span class='ocrx_word' id='word_1_105' title='bbox 521 1940 615 2019; x_wconf 85' lang='lat' dir='ltr'>vires</span> <span class='ocrx_word' id='word_1_106' title='bbox 632 1942 876 2039; x_wconf 82' lang='lat' dir='ltr'>generatrices</span> <span class='ocrx_word' id='word_1_107' title='bbox 893 1938 1151 2038; x_wconf 60' lang='lat' dir='ltr'>indagandas,</span> <span class='ocrx_word' id='word_1_108' title='bbox 1170 1960 1261 2037; x_wconf 87' lang='lat' dir='ltr'>quas</span> <span class='ocrx_word' id='word_1_109' title='bbox 1275 1958 1365 2014; x_wconf 85' lang='lat' dir='ltr'>cunr</span> <span class='ocrx_word' id='word_1_110' title='bbox 1416 1999 1417 2034; x_wconf 36' lang='lat' dir='ltr'>f</span> 
     </span>
     <span class='ocr_line' id='line_1_15' title="bbox 290 2041 1417 2157; baseline -0.003 -27"><span class='ocrx_word' id='word_1_111' title='bbox 290 2053 357 2131; x_wconf 91' lang='lat' dir='ltr'>suo</span> <span class='ocrx_word' id='word_1_112' title='bbox 391 2077 496 2131; x_wconf 87' lang='lat' dir='ltr'>more</span> <span class='ocrx_word' id='word_1_113' title='bbox 523 2077 589 2155; x_wconf 88' lang='lat' dir='ltr'>per</span> <span class='ocrx_word' id='word_1_114' title='bbox 620 2054 787 2157; x_wconf 83' lang='lat' dir='ltr'>syrnbola</span> <span class='ocrx_word' id='word_1_115' title='bbox 811 2056 1095 2143; x_wconf 87' lang='lat' dir='ltr'>constituerent,</span> <span class='ocrx_word' id='word_1_116' title='bbox 1132 2041 1367 2130; x_wconf 76' lang='lat' dir='ltr'>idololatriae</span> <span class='ocrx_word' id='word_1_117' title='bbox 1414 2043 1417 2094; x_wconf 67' lang='lat'>⁴³</span> 
     </span>
     <span class='ocr_line' id='line_1_16' title="bbox 213 2164 1417 2273; baseline -0.002 -28"><span class='ocrx_word' id='word_1_118' title='bbox 213 2208 216 2219; x_wconf 90' lang='lat'>·</span> <span class='ocrx_word' id='word_1_119' title='bbox 289 2165 399 2257; x_wconf 77' lang='lat' dir='ltr'>inde,</span> <span class='ocrx_word' id='word_1_120' title='bbox 450 2191 562 2269; x_wconf 87' lang='lat' dir='ltr'>quarn</span> <span class='ocrx_word' id='word_1_121' title='bbox 584 2169 800 2273; x_wconf 87' lang='lat' dir='ltr'>appellant,</span> <span class='ocrx_word' id='word_1_122' title='bbox 844 2168 1014 2248; x_wconf 83' lang='lat' dir='ltr'>femina</span> <span class='ocrx_word' id='word_1_123' title='bbox 1004 2171 1073 2247; x_wconf 90' lang='lat' dir='ltr'>raci</span> <span class='ocrx_word' id='word_1_124' title='bbox 1103 2164 1283 2256; x_wconf 74' lang='lat' dir='ltr'>debuille,</span> <span class='ocrx_word' id='word_1_125' title='bbox 1326 2181 1366 2243; x_wconf 92' lang='lat' dir='ltr'>et</span> <span class='ocrx_word' id='word_1_126' title='bbox 1411 2173 1417 2252; x_wconf 87' lang='grc' dir='ltr'>Ι</span> 
     </span>
     <span class='ocr_line' id='line_1_17' title="bbox 218 2275 1421 2396; baseline -0.001 -37"><span class='ocrx_word' id='word_1_127' title='bbox 218 2292 220 2297; x_wconf 83' lang='grc'><strong>’</strong></span> <span class='ocrx_word' id='word_1_128' title='bbox 291 2306 333 2359; x_wconf 86' lang='lat' dir='ltr'>ea</span> <span class='ocrx_word' id='word_1_129' title='bbox 347 2305 417 2382; x_wconf 89' lang='lat' dir='ltr'>pro</span> <span class='ocrx_word' id='word_1_130' title='bbox 431 2284 672 2396; x_wconf 86' lang='lat' dir='ltr'>ingeniorum</span> <span class='ocrx_word' id='word_1_131' title='bbox 692 2308 733 2363; x_wconf 85' lang='lat' dir='ltr'>ac</span> <span class='ocrx_word' id='word_1_132' title='bbox 755 2285 926 2374; x_wconf 70' lang='lat' dir='ltr'>loeorunr</span> <span class='ocrx_word' id='word_1_133' title='bbox 943 2287 1116 2360; x_wconf 81' lang='lat' dir='ltr'>varietate</span> <span class='ocrx_word' id='word_1_134' title='bbox 1132 2284 1229 2357; x_wconf 86' lang='lat' dir='ltr'>varia</span> <span class='ocrx_word' id='word_1_135' title='bbox 1246 2304 1289 2359; x_wconf 87' lang='lat' dir='ltr'>ac</span> <span class='ocrx_word' id='word_1_136' title='bbox 1308 2275 1416 2357; x_wconf 90' lang='lat' dir='ltr'>di·</span> <span class='ocrx_word' id='word_1_137' title='bbox 1419 2353 1421 2358; x_wconf 86' lang='lat'><em>.</em></span> 
     </span>
     <span class='ocr_line' id='line_1_18' title="bbox 147 2369 1421 2494; baseline -0.001 -20"><span class='ocrx_word' id='word_1_138' title='bbox 147 2468 149 2478; x_wconf 82' lang='lat'><em>.</em></span> <span class='ocrx_word' id='word_1_139' title='bbox 289 2390 410 2475; x_wconf 82' lang='lat' dir='ltr'>uersa</span> <span class='ocrx_word' id='word_1_140' title='bbox 431 2369 971 2480; x_wconf 83' lang='lat' dir='ltr'>Aliisubodoratisuntrerum</span> <span class='ocrx_word' id='word_1_141' title='bbox 988 2398 1202 2485; x_wconf 78' lang='lat' dir='ltr'>elementa,</span> <span class='ocrx_word' id='word_1_142' title='bbox 1192 2396 1364 2494; x_wconf 79' lang='lat' dir='ltr'>ignisin·</span> <span class='ocrx_word' id='word_1_143' title='bbox 1419 2403 1421 2407; x_wconf 83' lang='lat'>&#39;</span> 
     </span>
     <span class='ocr_line' id='line_1_19' title="bbox 181 2511 1417 2611; baseline 0.003 -26"><span class='ocrx_word' id='word_1_144' title='bbox 181 2528 185 2537; x_wconf 83' lang='lat'><strong>·</strong></span> <span class='ocrx_word' id='word_1_145' title='bbox 290 2514 420 2611; x_wconf 85' lang='lat' dir='ltr'>primis</span> <span class='ocrx_word' id='word_1_146' title='bbox 438 2524 475 2587; x_wconf 88' lang='lat' dir='ltr'>et</span> <span class='ocrx_word' id='word_1_147' title='bbox 494 2516 603 2607; x_wconf 83' lang='lat' dir='ltr'>ae&#39;ris3</span> <span class='ocrx_word' id='word_1_148' title='bbox 634 2514 721 2588; x_wconf 89' lang='lat' dir='ltr'>inde</span> <span class='ocrx_word' id='word_1_149' title='bbox 740 2514 831 2589; x_wconf 87' lang='lat' dir='ltr'>caeli</span> <span class='ocrx_word' id='word_1_150' title='bbox 848 2514 1068 2610; x_wconf 78' lang='lat' dir='ltr'>religionem</span> <span class='ocrx_word' id='word_1_151' title='bbox 1093 2524 1131 2587; x_wconf 90' lang='lat' dir='ltr'>et</span> <span class='ocrx_word' id='word_1_152' title='bbox 1156 2511 1364 2610; x_wconf 81' lang='lat' dir='ltr'>elameno-</span> <span class='ocrx_word' id='word_1_153' title='bbox 1416 2565 1417 2568; x_wconf 16' lang='grc' dir='ltr'>π</span> 
     </span>
     <span class='ocr_line' id='line_1_20' title="bbox 181 2611 1417 2725; baseline 0.001 -24"><span class='ocrx_word' id='word_1_154' title='bbox 181 2643 192 2663; x_wconf 87' lang='grc'><em>·</em></span> <span class='ocrx_word' id='word_1_155' title='bbox 291 2648 377 2701; x_wconf 88' lang='lat' dir='ltr'>rum</span> <span class='ocrx_word' id='word_1_156' title='bbox 398 2623 469 2699; x_wconf 86' lang='lat' dir='ltr'>suis</span> <span class='ocrx_word' id='word_1_157' title='bbox 492 2624 671 2722; x_wconf 84' lang='lat' dir='ltr'>symbolis</span> <span class='ocrx_word' id='word_1_158' title='bbox 696 2613 965 2725; x_wconf 83' lang='lat' dir='ltr'>exprellerunt3</span> <span class='ocrx_word' id='word_1_159' title='bbox 985 2648 1052 2724; x_wconf 90' lang='lat' dir='ltr'>per</span> <span class='ocrx_word' id='word_1_160' title='bbox 1069 2638 1281 2725; x_wconf 87' lang='lat' dir='ltr'>temporum</span> <span class='ocrx_word' id='word_1_161' title='bbox 1299 2624 1364 2702; x_wconf 88' lang='lat' dir='ltr'>de·</span> <span class='ocrx_word' id='word_1_162' title='bbox 1416 2611 1417 2644; x_wconf 71' lang='lat'>³</span> 
     </span>
     <span class='ocr_line' id='line_1_21' title="bbox 238 2731 1419 2843; baseline -0.001 -27"><span class='ocrx_word' id='word_1_163' title='bbox 238 2825 240 2829; x_wconf 53' lang='grc'>,</span> <span class='ocrx_word' id='word_1_164' title='bbox 289 2736 664 2817; x_wconf 83' lang='lat' dir='ltr'>curlumvariatanret</span> <span class='ocrx_word' id='word_1_165' title='bbox 680 2738 1367 2843; x_wconf 75' lang='lat' dir='ltr'>apr&#39;inrorumaudurumsensuadnro-</span> <span class='ocrx_word' id='word_1_166' title='bbox 1389 2786 1392 2792; x_wconf 87' lang='lat'>·</span> <span class='ocrx_word' id='word_1_167' title='bbox 1418 2731 1419 2776; x_wconf 61' lang='lat' dir='ltr'>l</span> 
     </span>
     <span class='ocr_line' id='line_1_22' title="bbox 209 2850 1370 2955; baseline 0.003 -26"><span class='ocrx_word' id='word_1_168' title='bbox 209 2918 211 2928; x_wconf 82' lang='grc'>,</span> <span class='ocrx_word' id='word_1_169' title='bbox 288 2852 380 2951; x_wconf 79' lang='lat' dir='ltr'>durn</span> <span class='ocrx_word' id='word_1_170' title='bbox 396 2850 586 2929; x_wconf 85' lang='lat' dir='ltr'>deflexam.</span> <span class='ocrx_word' id='word_1_171' title='bbox 646 2853 769 2955; x_wconf 79' lang='lat' dir='ltr'>litque</span> <span class='ocrx_word' id='word_1_172' title='bbox 785 2857 833 2932; x_wconf 92' lang='lat' dir='ltr'>ita</span> <span class='ocrx_word' id='word_1_173' title='bbox 849 2878 906 2929; x_wconf 89' lang='lat' dir='ltr'>res</span> <span class='ocrx_word' id='word_1_174' title='bbox 923 2853 957 2929; x_wconf 88' lang='lat' dir='ltr'>le</span> <span class='ocrx_word' id='word_1_175' title='bbox 972 2854 1103 2933; x_wconf 81' lang='lat' dir='ltr'>habuit</span> <span class='ocrx_word' id='word_1_176' title='bbox 1128 2859 1226 2932; x_wconf 86' lang='lat' dir='ltr'>inter</span> <span class='ocrx_word' id='word_1_177' title='bbox 1248 2850 1370 2949; x_wconf 65' lang='lat' dir='ltr'>Chal·</span> 
     </span>
     <span class='ocr_line' id='line_1_23' title="bbox 288 2962 1363 3071; baseline 0.004 -28"><span class='ocrx_word' id='word_1_178' title='bbox 288 2966 399 3043; x_wconf 87' lang='lat' dir='ltr'>daeos</span> <span class='ocrx_word' id='word_1_179' title='bbox 420 2980 457 3043; x_wconf 89' lang='lat' dir='ltr'>et</span> <span class='ocrx_word' id='word_1_180' title='bbox 474 2962 717 3071; x_wconf 85' lang='lat' dir='ltr'>Babylonios,</span> <span class='ocrx_word' id='word_1_181' title='bbox 744 2969 833 3046; x_wconf 91' lang='lat' dir='ltr'>inde</span> <span class='ocrx_word' id='word_1_182' title='bbox 852 2992 919 3069; x_wconf 86' lang='lat' dir='ltr'>per</span> <span class='ocrx_word' id='word_1_183' title='bbox 937 2967 1168 3071; x_wconf 84' lang='lat' dir='ltr'>Aegyptum,</span> <span class='ocrx_word' id='word_1_184' title='bbox 1195 2989 1277 3064; x_wconf 83' lang='lat' dir='ltr'>turn</span> <span class='ocrx_word' id='word_1_185' title='bbox 1295 2992 1363 3070; x_wconf 87' lang='lat' dir='ltr'>per</span> 
     </span>
     <span class='ocr_line' id='line_1_24' title="bbox 288 3077 1418 3186; baseline 0 -25"><span class='ocrx_word' id='word_1_186' title='bbox 288 3077 456 3161; x_wconf 83' lang='lat' dir='ltr'>Orientis</span> <span class='ocrx_word' id='word_1_187' title='bbox 473 3096 584 3161; x_wconf 87' lang='lat' dir='ltr'>terras</span> <span class='ocrx_word' id='word_1_188' title='bbox 605 3084 709 3178; x_wconf 85' lang='lat' dir='ltr'>alias3</span> <span class='ocrx_word' id='word_1_189' title='bbox 736 3106 815 3160; x_wconf 88' lang='lat' dir='ltr'>non</span> <span class='ocrx_word' id='word_1_190' title='bbox 834 3086 924 3160; x_wconf 88' lang='lat' dir='ltr'>itenr</span> <span class='ocrx_word' id='word_1_191' title='bbox 941 3086 1039 3186; x_wconf 88' lang='lat' dir='ltr'>apud</span> <span class='ocrx_word' id='word_1_192' title='bbox 1056 3077 1149 3163; x_wconf 83' lang='lat' dir='ltr'>alins</span> <span class='ocrx_word' id='word_1_193' title='bbox 1171 3084 1361 3175; x_wconf 87' lang='lat' dir='ltr'>barbaros,</span> <span class='ocrx_word' id='word_1_194' title='bbox 1417 3171 1418 3176; x_wconf 8' lang='grc' dir='ltr'><strong><em>Ν</em></strong></span> 
     </span>
     <span class='ocr_line' id='line_1_25' title="bbox 211 3194 937 3303; baseline 0.003 -32"><span class='ocrx_word' id='word_1_195' title='bbox 211 3198 232 3271; x_wconf 65' lang='grc' dir='ltr'><strong><em>ᾗ</em></strong></span> <span class='ocrx_word' id='word_1_196' title='bbox 284 3198 326 3274; x_wconf 92' lang='lat' dir='ltr'>in</span> <span class='ocrx_word' id='word_1_197' title='bbox 349 3196 429 3273; x_wconf 90' lang='lat' dir='ltr'>aliis</span> <span class='ocrx_word' id='word_1_198' title='bbox 445 3194 539 3275; x_wconf 86' lang='lat' dir='ltr'>locis</span> <span class='ocrx_word' id='word_1_199' title='bbox 556 3222 598 3275; x_wconf 89' lang='lat' dir='ltr'>ac</span> <span class='ocrx_word' id='word_1_200' title='bbox 616 3200 708 3275; x_wconf 89' lang='lat' dir='ltr'>vitae</span> <span class='ocrx_word' id='word_1_201' title='bbox 727 3199 937 3303; x_wconf 79' lang='lat' dir='ltr'>generibus.</span> 
     </span>
     <span class='ocr_line' id='line_1_26' title="bbox 395 3290 1363 3404; baseline 0.005 -15"><span class='ocrx_word' id='word_1_202' title='bbox 395 3310 469 3389; x_wconf 83' lang='lat' dir='ltr'>Alii</span> <span class='ocrx_word' id='word_1_203' title='bbox 488 3315 588 3389; x_wconf 84' lang='lat' dir='ltr'>eninr</span> <span class='ocrx_word' id='word_1_204' title='bbox 607 3313 766 3401; x_wconf 85' lang='lat' dir='ltr'>barbari,</span> <span class='ocrx_word' id='word_1_205' title='bbox 781 3290 954 3392; x_wconf 83' lang='lat' dir='ltr'>filuarunr</span> <span class='ocrx_word' id='word_1_206' title='bbox 970 3313 1144 3404; x_wconf 87' lang='lat' dir='ltr'>horrore,</span> <span class='ocrx_word' id='word_1_207' title='bbox 1161 3292 1363 3394; x_wconf 80' lang='lat' dir='ltr'>fluminum</span> 
     </span>
    </p>
   </div>
   <div class='ocr_carea' id='block_1_7' title="bbox 144 3424 1362 3535">
    <p class='ocr_par' dir='ltr' id='par_1_7' title="bbox 144 3424 1362 3535">
     <span class='ocr_line' id='line_1_27' title="bbox 144 3424 1362 3535; baseline 0.001 -30"><span class='ocrx_word' id='word_1_208' title='bbox 144 3514 151 3535; x_wconf 19' lang='lat' dir='ltr'><em>R</em></span> <span class='ocrx_word' id='word_1_209' title='bbox 282 3424 455 3513; x_wconf 80' lang='lat' dir='ltr'>fremitu,</span> <span class='ocrx_word' id='word_1_210' title='bbox 484 3426 633 3504; x_wconf 86' lang='lat' dir='ltr'>lacuum</span> <span class='ocrx_word' id='word_1_211' title='bbox 651 3426 864 3535; x_wconf 85' lang='lat' dir='ltr'>altitudine,</span> <span class='ocrx_word' id='word_1_212' title='bbox 890 3432 1078 3507; x_wconf 88' lang='lat' dir='ltr'>muntium</span> <span class='ocrx_word' id='word_1_213' title='bbox 1095 3431 1232 3507; x_wconf 88' lang='lat' dir='ltr'>vertice</span> <span class='ocrx_word' id='word_1_214' title='bbox 1248 3428 1362 3519; x_wconf 88' lang='lat' dir='ltr'>elato,</span> 
     </span>
    </p>
   </div>
   <div class='ocr_carea' id='block_1_8' title="bbox 197 3538 1364 4425">
    <p class='ocr_par' dir='ltr' id='par_1_8' title="bbox 197 3538 1364 4333">
     <span class='ocr_line' id='line_1_28' title="bbox 284 3538 1363 3644; baseline 0.004 -29"><span class='ocrx_word' id='word_1_215' title='bbox 284 3538 460 3621; x_wconf 73' lang='lat' dir='ltr'>conradis</span> <span class='ocrx_word' id='word_1_216' title='bbox 477 3540 619 3630; x_wconf 85' lang='lat' dir='ltr'>animis,</span> <span class='ocrx_word' id='word_1_217' title='bbox 646 3540 704 3620; x_wconf 92' lang='lat' dir='ltr'>ad</span> <span class='ocrx_word' id='word_1_218' title='bbox 711 3542 799 3620; x_wconf 88' lang='lat' dir='ltr'>alias</span> <span class='ocrx_word' id='word_1_219' title='bbox 817 3557 968 3624; x_wconf 87' lang='lat' dir='ltr'>naturae</span> <span class='ocrx_word' id='word_1_220' title='bbox 986 3544 1363 3644; x_wconf 73' lang='lat' dir='ltr'>parteeilupuerunt3</span> 
     </span>
     <span class='ocr_line' id='line_1_29' title="bbox 283 3636 1362 3757; baseline 0.006 -26"><span class='ocrx_word' id='word_1_221' title='bbox 283 3654 372 3731; x_wconf 88' lang='lat' dir='ltr'>inde</span> <span class='ocrx_word' id='word_1_222' title='bbox 396 3636 568 3745; x_wconf 65' lang='lat' dir='ltr'>ruiraiiO,</span> <span class='ocrx_word' id='word_1_223' title='bbox 607 3654 759 3747; x_wconf 89' lang='lat' dir='ltr'>horror,</span> <span class='ocrx_word' id='word_1_224' title='bbox 796 3672 939 3749; x_wconf 68' lang='lat' dir='ltr'>metus,</span> <span class='ocrx_word' id='word_1_225' title='bbox 985 3660 1051 3757; x_wconf 90' lang='lat' dir='ltr'>qui</span> <span class='ocrx_word' id='word_1_226' title='bbox 1073 3658 1119 3735; x_wconf 89' lang='lat' dir='ltr'>ad</span> <span class='ocrx_word' id='word_1_227' title='bbox 1137 3656 1362 3757; x_wconf 84' lang='lat' dir='ltr'>religionem</span> 
     </span>
     <span class='ocr_line' id='line_1_30' title="bbox 283 3764 1362 3869; baseline 0.007 -24"><span class='ocrx_word' id='word_1_228' title='bbox 283 3764 429 3869; x_wconf 88' lang='lat' dir='ltr'>paratos</span> <span class='ocrx_word' id='word_1_229' title='bbox 454 3791 497 3847; x_wconf 89' lang='lat' dir='ltr'>ac</span> <span class='ocrx_word' id='word_1_230' title='bbox 520 3770 707 3867; x_wconf 85' lang='lat' dir='ltr'>proeliues</span> <span class='ocrx_word' id='word_1_231' title='bbox 735 3772 910 3862; x_wconf 79' lang='lat' dir='ltr'>reddidit</span> <span class='ocrx_word' id='word_1_232' title='bbox 976 3769 1093 3851; x_wconf 83' lang='lat' dir='ltr'>lneffe</span> <span class='ocrx_word' id='word_1_233' title='bbox 1120 3785 1158 3848; x_wconf 90' lang='lat' dir='ltr'>et</span> <span class='ocrx_word' id='word_1_234' title='bbox 1175 3774 1218 3849; x_wconf 88' lang='lat' dir='ltr'>iis</span> <span class='ocrx_word' id='word_1_235' title='bbox 1235 3796 1362 3853; x_wconf 86' lang='lat' dir='ltr'>rerum</span> 
     </span>
     <span class='ocr_line' id='line_1_31' title="bbox 282 3882 1364 3989; baseline 0.001 -25"><span class='ocrx_word' id='word_1_236' title='bbox 282 3883 470 3964; x_wconf 83' lang='lat' dir='ltr'>miraculis</span> <span class='ocrx_word' id='word_1_237' title='bbox 490 3882 652 3985; x_wconf 82' lang='lat' dir='ltr'>aliquam</span> <span class='ocrx_word' id='word_1_238' title='bbox 668 3900 857 3977; x_wconf 85' lang='lat' dir='ltr'>nat-uram,</span> <span class='ocrx_word' id='word_1_239' title='bbox 894 3910 1008 3989; x_wconf 89' lang='lat' dir='ltr'>quae,</span> <span class='ocrx_word' id='word_1_240' title='bbox 1040 3901 1079 3964; x_wconf 89' lang='lat' dir='ltr'>vt</span> <span class='ocrx_word' id='word_1_241' title='bbox 1098 3885 1287 3976; x_wconf 84' lang='lat' dir='ltr'>eaellent,</span> <span class='ocrx_word' id='word_1_242' title='bbox 1323 3902 1364 3965; x_wconf 88' lang='lat' dir='ltr'>vt</span> 
     </span>
     <span class='ocr_line' id='line_1_32' title="bbox 197 3988 1363 4109; baseline 0.003 -33"><span class='ocrx_word' id='word_1_243' title='bbox 197 3988 201 3997; x_wconf 78' lang='grc'><strong>’</strong></span> <span class='ocrx_word' id='word_1_244' title='bbox 283 3999 479 4086; x_wconf 85' lang='lat' dir='ltr'>durarent,</span> <span class='ocrx_word' id='word_1_245' title='bbox 516 4011 556 4075; x_wconf 84' lang='lat' dir='ltr'>vt</span> <span class='ocrx_word' id='word_1_246' title='bbox 582 3999 688 4109; x_wconf 65' lang='lat' dir='ltr'>ieris,</span> <span class='ocrx_word' id='word_1_247' title='bbox 723 3994 905 4102; x_wconf 90' lang='lat' dir='ltr'>piscibus,</span> <span class='ocrx_word' id='word_1_248' title='bbox 935 4000 1169 4092; x_wconf 79' lang='lat' dir='ltr'>utensilibus,</span> <span class='ocrx_word' id='word_1_249' title='bbox 1195 4001 1363 4079; x_wconf 83' lang='lat' dir='ltr'>abunda-</span> 
     </span>
     <span class='ocr_line' id='line_1_33' title="bbox 282 4109 1362 4217; baseline 0.004 -28"><span class='ocrx_word' id='word_1_250' title='bbox 282 4126 383 4209; x_wconf 86' lang='lat' dir='ltr'>rent,</span> <span class='ocrx_word' id='word_1_251' title='bbox 411 4109 605 4204; x_wconf 87' lang='lat' dir='ltr'>&#39;efficeret,</span> <span class='ocrx_word' id='word_1_252' title='bbox 644 4114 750 4193; x_wconf 82' lang='lat' dir='ltr'>facile</span> <span class='ocrx_word' id='word_1_253' title='bbox 779 4114 845 4194; x_wconf 84' lang='lat' dir='ltr'>libi</span> <span class='ocrx_word' id='word_1_254' title='bbox 872 4115 1086 4217; x_wconf 77' lang='lat' dir='ltr'>persuasere</span> <span class='ocrx_word' id='word_1_255' title='bbox 1153 4113 1247 4205; x_wconf 75' lang='lat' dir='ltr'>Inde</span> <span class='ocrx_word' id='word_1_256' title='bbox 1271 4140 1362 4216; x_wconf 87' lang='lat' dir='ltr'>pro-</span> 
     </span>
     <span class='ocr_line' id='line_1_34' title="bbox 282 4225 1363 4333; baseline 0 -26"><span class='ocrx_word' id='word_1_257' title='bbox 282 4226 399 4333; x_wconf 81' lang='lat' dir='ltr'>lapsae</span> <span class='ocrx_word' id='word_1_258' title='bbox 415 4225 564 4332; x_wconf 81' lang='lat' dir='ltr'>paffrm,</span> <span class='ocrx_word' id='word_1_259' title='bbox 586 4228 712 4311; x_wconf 85' lang='lat' dir='ltr'>saltem</span> <span class='ocrx_word' id='word_1_260' title='bbox 729 4252 817 4310; x_wconf 87' lang='lat' dir='ltr'>cum</span> <span class='ocrx_word' id='word_1_261' title='bbox 833 4245 1049 4333; x_wconf 70' lang='lat' dir='ltr'>temporum</span> <span class='ocrx_word' id='word_1_262' title='bbox 1063 4227 1233 4324; x_wconf 79' lang='lat' dir='ltr'>lucueliu,</span> <span class='ocrx_word' id='word_1_263' title='bbox 1254 4254 1363 4309; x_wconf 85' lang='lat' dir='ltr'>men·</span> 
     </span>
    </p>

    <p class='ocr_par' dir='ltr' id='par_1_9' title="bbox 1048 4358 1360 4425">
     <span class='ocr_line' id='line_1_35' title="bbox 1048 4358 1360 4425; baseline 0.003 -2"><span class='ocrx_word' id='word_1_264' title='bbox 1048 4362 1053 4371; x_wconf 90' lang='grc'><strong><em>’</em></strong></span> <span class='ocrx_word' id='word_1_265' title='bbox 1304 4358 1360 4425; x_wconf 78' lang='lat' dir='ltr'>tet</span> 
     </span>
    </p>
   </div>
   <div class='ocr_carea' id='block_1_9' title="bbox 0 0 1500 4992">
    <p class='ocr_par' dir='ltr' id='par_1_10' title="bbox 0 0 1500 4992">
     <span class='ocr_line' id='line_1_36' title="bbox 0 0 1500 4992; baseline 0 2"><span class='ocrx_word' id='word_1_266' title='bbox 0 0 1500 4992; x_wconf 95' lang='lat' dir='ltr'> </span> 
     </span>
    </p>
   </div>
  </div>
 </body>
</html>
