2992 4992
475 460 867 519 ”¹‘’
1102 474 1177 591 u.

1392 527 1395 610 i

94 668 206 775 purim
228 672 269 749 ei.
290 673 424 775 ficcom,
468 653 576 767 quoii
600 673 712 747 animo
736 669 910 749 adomnia·
924 673 967 773 ιβ
982 675 1159 772 optimati
1199 706 1204 723 ·
1392 626 1396 719 i

94 789 335 893 sopieniiffimos
387 786 438 857 vti
461 783 635 863 Heraclito
659 786 784 885 quoqoi
816 782 922 897 uisum
939 790 992 887 ιβ
1014 794 1155 868 sirmii:
1207 834 1211 843 ·

93 926 198 979 moos
220 924 343 977 eurus
374 916 665 975 summissurus
690 924 738 977 ur
766 922 925 979 oestrus.
957 894 1023 979 ein
1045 898 1154 993 siuki

93 1014 271 1110 sapuerim
295 1011 357 1089 uui
373 1010 514 1113 aipioen.
535 1011 720 1112 Magnum
740 1040 831 1093 vero
839 1016 975 1093 hoc-ac
990 992 1154 1095 confid'e'i

93 1134 221 1211 ratione
242 1132 423 1229 dignum,
463 1125 643 1224 quodque
667 1130 779 1205 nostri
800 1134 990 1215 omnium,
1022 1135 1089 1229 qui
1113 1135 1152 1210 in'

93 1246 283 1323 sitterarum
311 1258 349 1319 et
374 1241 570 1338 sapientiae
592 1240 714 1317 studio
735 1250 825 1318 ‘eum
853 1246 1015 1320 maxime
1041 1246 1156 1321 versa.

93 1386 179 1449 uur,
226 1355 329 1435 haud
358 1378 488 1455 parum
511 1352 679 1431 interesse
704 1357 877 1445 videtur,³
904 1357 930 1434 sr
943 1362 1153 1457 fimoonimo

93 1482 118 1573 β
129 1474 365 1578 sapientiffimo
382 1483 413 1550 et
434 1474 580 1569 optimo,
610 1482 649 1545 vt
665 1471 942 1571 cognoscamus,
969 1478 1151 1573 quaenam

95 1589 136 1664 lla
159 1589 221 1677 sit,
263 1602 304 1664 et
328 1585 535 1686 quomodo»
549 1606 590 1660 ea
615 1584 721 1683 poffit
742 1592 880 1687 parari5
904 1587 929 1664 si
952 1589 1049 1673 sorte
1069 1597 1150 1670 eam

92 1718 114 1778 et
127 1704 346 1804 ipsehabere
362 1701 427 1777 aut
442 1724 514 1778 uos
532 1702 608 1789 ita,
638 1714 679 1777 vt
700 1725 782 1779 eam
799 1700 1020 1795 habeamus,
1048 1707 1149 1785 initia
1195 1719 1209 1749 ⁴

92 1827 176 1897 uere
191 1816 378 1919 possimus.
1142 1849 1148 1859 ·

185 2016 265 2111 Iam
294 2017 457 2115 primum
480 2034 566 2091 sum
588 2015 627 2089 iu
647 2015 824 2093 omuibus
837 2014 1152 2117 philosophorum

92 2132 218 2207 slacitis
236 2130 433 2229 diligenter
449 2127 682 2227 indagandus
701 2129 876 2207 sitsensus
889 2135 944 2217 ss,
975 2155 1054 2229 quo
1071 2136 1150 2223 ille',

92 2252 137 2345 pri
166 2248 310 2345 primus
337 2242 476 2317 ditium
503 2242 656 2339 aliquod
681 2242 858 2337 protulit,
893 2244 989 2319 istud
1006 2246 1152 2323 extoie-

91 2364 138 2448 it,
180 2344 499 2452 secernendaeque
524 2353 593 2429 smt
612 2355 657 2429 ab
675 2376 720 2428 eo
737 2355 917 2442 rationes,
950 2379 1040 2457 quas
1057 2384 1149 2438 mox
1181 2386 1185 2399 ·

91 2470 238 2551 utuier'e
268 2470 354 2557 alii,
405 2472 470 2567 qui
497 2467 628 2545 iisdem
655 2471 775 2555 verbis
799 2471 839 2545 iu
864 2469 965 2547 suam
992 2498 1071 2551 rem
1096 2475 1151 2553 use

91 2602 170 2665 unt:
213 2599 292 2661 turn
313 2582 435 2663 multo
452 2585 568 2681 magis
583 2586 622 2657 iu
638 2582 968 2685 antiquissimorum
984 2588 1148 2688 phisoso-

91 2703 238 2779 shorum
274 2695 510 2797 dogmatibus
541 2700 726 2797 praecepti
758 2698 866 2777 huius
897 2726 1083 2783 memores
1108 2711 1150 2783 vt'

91 2816 180 2891 imus
204 2811 345 2891 necesse
359 2813 426 2888 est:
453 2811 705 2889 faciuneenim
722 2834 811 2890 cum
823 2817 940 2892 multa
956 2817 1039 2908 alia,
1066 2832 1150 2897 tum

91 2933 142 3027 psa
158 2928 419 3030 philosophiae
439 2926 718 3015 ratiouondum
737 2929 782 3005 ad
797 2928 895 3007 hane
907 2930 1149 3010 subtilitatem

91 3047 221 3135 euetia,'
249 3058 286 3121 et
301 3040 421 3117 multo
438 3041 556 3138 magis
572 3036 689 3145 sermo
707 3064 839 3141 patum
852 3045 974 3122 verbis
988 3045 1150 3121 dialceti-

91 3163 122 3235 :is
145 3176 184 3237 et
211 3154 466 3257 metaphysicis
490 3154 701 3243 instrusium
740 3156 802 3233 sed
832 3160 875 3232 in
896 3158 1017 3232 verbis
1035 3160 1151 3236 screa

91 3290 197 3353 'erum
224 3270 328 3351 sensu
355 3272 499 3369 petitis,
545 3268 714 3368 adeoque
743 3272 783 3346 in
808 3268 893 3372 ipfis
918 3270 1029 3347 rebus
1054 3297 1151 3373 quae

91 3386 234 3466 'enfibus
259 3383 435 3463 subietiae
456 3383 558 3472 sunt,
596 3399 821 3481 occupatus,
863 3396 903 3461 vt
927 3384 1044 3463 multa
1061 3390 1151 3489 pro.

91 3509 297 3582 iuntientur
332 3511 397 3576 aut
426 3500 604 3600 pinguius
639 3513 703 3576 aut
731 3501 939 3590 obscurius,
985 3516 1050 3580 aut
1070 3519 1148 3583 tam

441 3644 444 3655 ·
1023 3621 1153 3696 ambi.

182 3810 262 3869 tuto
277 3799 435 3865 interdum
450 3796 537 3884 Ξηριῐ,
554 3798 637 3881 quod
652 3796 700 3863 uie
712 3796 903 3865 doiiiffimue
917 3800 1030 3887 ubique
1042 3824 1151 3867 emen-

183 3886 288 3951 dauit.
339 3882 421 3949 Satis
438 3889 600 3967 antiquum
618 3884 693 3946 illud
710 3882 854 3946 leiiiouie
869 3886 979 3948 vitium
999 3885 1088 3949 suiffe
1100 3886 1151 3949 vei

185 3992 229 4041 ers
247 3968 418 4035 Clementis
434 3980 466 4031 et
478 3968 586 4033 Geieoi
600 3966 671 4031 loeo
687 3986 718 4047 p.
731 3985 784 4045 44.
800 3966 944 4050 suspicari
959 3970 1043 4036 iicet.
1080 3970 1149 4033 Nos

185 4065 315 4119 utemur
334 4052 519 4117 austeritate
541 4051 598 4117 viri
613 4048 714 4120 dosii.
737 4050 788 4113 sed
803 4052 902 4113 multo
918 4056 1020 4135 magis
1031 4053 1149 4115 erimus

184 4136 335 4219 occupati
356 4138 388 4200 in
408 4136 482 4201 disti
506 4134 678 4199 Heraclitei
700 4132 851 4199 sententia
871 4134 999 4201 diuersis
1015 4131 1153 4198 modies
1210 4138 1214 4145 '

183 4221 390 4301 scriptoribus
404 4230 554 4301 accepta„
856 4221 859 4228 '

91 4434 93 4441 y
134 4332 257 4415 Hoyuii
268 4332 378 4417 Opust.
396 4330 482 4399 acad.
498 4328 535 4399 V
531 4332 568 4397 oi.
579 4328 650 4397 III.
721 4424 727 4429 ἱ
767 4308 805 4389 G
