2992 4992
314 454 372 580 rs
713 418 998 549 ---··-·-··‘--

467 666 1170 843 Epimerrurn.
1235 608 1285 616 Α

227 954 228 963 a
315 834 392 979 In
389 892 459 974 hac
474 895 667 977 foederum
692 898 791 977 iuter
813 894 1007 988 Romanos
1037 907 1076 973 et
1092 824 1247 971 Poenos
1279 893 1386 973 sado·

315 1033 399 1088 rum
415 1010 655 1089 illustratione
671 1004 805 1111 operae
818 1036 878 1089 me
893 1010 992 1089 haud
1009 1010 1202 1110 poenitere
1217 1008 1385 1088 lubenter

175 1202 177 1212 Α
314 1124 513 1227 profiteor3
543 1150 656 1225 quam
673 1128 906 1206 multa-enim
928 1145 976 1203 ex
993 1124 1071 1225 ipio
1096 1124 1246 1201 foedere
1262 1124 1383 1201 eiicita

314 1264 410 1319 ame
428 1253 465 1316 e
481 1238 642 1339 expressa
656 1239 758 1332 sunt,
790 1242 956 1347 quibus
946 1262 1025 1315 rura
1036 1238 1214 1317 maritima
1233 1253 1272 1314 et
1287 1262 1382 1317 com·

274 1360 279 1446 ζ
314 1358 541 1457 merciorum
558 1369 651 1431 artes
669 1358 870 1433 nostratum
890 1367 1036 1430 tantum
1057 1376 1134 1431 non
1151 1366 1335 1430 mutuatas
1350 1365 1380 1429 et

314 1464 355 1545 in
376 1482 480 1543 verus
499 1491 635 1545 aeuum
661 1457 840 1545 triduans
866 1453 935 1544 eise
957 1481 1075 1568 putes
1142 1463 1380 1544 Videmuslr'·

314 1582 424 1659 bertot
409 1594 470 1657 ism
487 1583 671 1677 nauigandi
686 1584 792 1687 usuri
806 1583 911 1683 podio
928 1583 1224 1686 circumscriptum
1247 1586 1379 1660 murium

312 1696 441 1773 adium
475 1695 695 1783 inseruissem,
741 1694 823 1795 dages
855 1703 1020 1797 meriatur·
1041 1695 1189 1799 faciendi
1221 1696 1377 1799 scripture

177 1890 180 1895 ,
313 1812 471 1887 omnino
488 1834 604 1911 pauca
621 1814 662 1886 in
678 1810 754 1888 hoc
768 1825 906 1912 genere
922 1812 1023 1902 sunt,
1053 1834 1147 1911 quae
1163 1834 1241 1887 non
1258 1813 1377 1888 inistis

239 1976 242 1983 «
311 1924 527 2025 foederibus
557 1940 763 2004 occurrant
802 1975 806 1983 ·
839 1925 910 2007 Fac
934 1925 1160 2003 Poenorum·
1173 1925 1321 2001 annales
1346 1938 1377 2001 et

311 2022 382 2117 hist
384 2043 478 2115 orias
496 2038 541 2117 ad
565 2064 634 2117 nos
655 2040 865 2140 peruenisse
888 2044 1069 2141 integras,
1102 2042 1239 2139 quibus
1261 2041 1374 2116 omnis

285 2214 288 2219 Δ
313 2178 445 2234 eorum
458 2155 656 2271 nauigatio
676 2168 712 2232 et
734 2170 939 2243 mercatura
961 2153 1125 2255 expofita
1152 2151 1254 2230 effeti
1288 2178 1372 2255 quae

309 2256 441 2346 inillis
458 2294 581 2347 rerum
600 2272 900 2352 memorabilium
924 2271 1032 2347 huius
1047 2270 1193 2367 generis
1211 2268 1311 2368 seges
1326 2270 1376 2344 fu·

310 2395 392 2461 tura
410 2382 511 2473 effer,
542 2409 628 2461 cum
653 2389 842 2487 expausis
866 2385 1007 2486 stipulis
1033 2387 1133 2462 tauta
1155 2379 1272 2459 meifis
1293 2382 1405 2459 fade
1403 2397 1405 2438 1

174 2562 199 2593 ‚
310 2496 378 2575 fit?
396 2485 525 2593 Quid?
542 2498 646 2597 quod
663 2498 763 2591 haud
779 2523 895 2598 pauca
910 2500 991 2587 alia,
1011 2521 1088 2576 non
1106 2512 1373 2587 memoratam

310 2610 490 2707 iinsquae
510 2626 787 2705 memorantur,
806 2612 1078 2711 fisagacitatem
1094 2610 1277 2702 adhibeas,
1300 2612 1374 2688 elici

310 2719 469 2823 poffunt.
531 2698 785 2855 Negotioruur
801 2728 978 2825 gestures,
1008 2750 1103 2827 quos
1122 2722 1302 2807 Consules
1318 2749 1376 2801 vo·

310 2861 456 2925 caurus,
484 2862 523 2912 1n
541 2864 717 2939 emporus
734 2841 971 2933 constitutos
999 2865 1196 2920 memorari
1210 2865 1289 2918 non
1306 2864 1375 2917 me
1404 2899 1406 2988 ὓ

263 2986 265 2991 v
308 2952 419 3039 mini:
455 2943 541 3029 cunr
560 2968 683 3030 tamen
703 2969 761 3032 tot
778 2960 945 3056 emporia
971 2953 1185 3035 Poenorum
1207 2978 1244 3032 et
1271 2953 1405 3059 Grae

277 3082 440 3144 ¹corum
474 3065 514 3143 in
548 3066 652 3145 terris
692 3070 932 3147 barbarorum
964 3083 1235 3160 memorentur,
1280 3094 1376 3171 prae·
1404 3157 1405 3164 ἵ

308 3178 413 3259 fuiffe
441 3182 500 3267 his
525 3180 664 3262 neceffe
696 3184 749 3277 est
767 3208 858 3262 non
888 3186 995 3263 vnius
1023 3186 1163 3262 ordinis
1196 3184 1372 3261 homines.

308 3292 458 3399 Negare
479 3304 601 3373 tamen
627 3322 674 3375 ne
695 3298 913 3399 sicquidem
938 3298 1068 3389 auiim,
1105 3299 1222 3376 multa
1248 3298 1372 3376 nostris

307 3414 542 3509 temporibus
556 3412 600 3487 ad
618 3413 758 3489 nostras
780 3414 1005 3491 neceffitates
1019 3401 1180 3497 ‘melius‘
1211 3412 1374 3489 subtilius

309 3536 348 3601 et
359 3522 546 3611 curiosius,
565 3524 632 3602 effe
651 3528 847 3606 constituta
864 3545 901 3605 et
922 3514 1201 3627 circumscripta.
1261 3526 1319 3605 Ita
1334 3524 1375 3603 de

306 3637 511 3713 vendendis
527 3640 711 3718 mercibus
728 3644 911 3743 praeclare
928 3642 1087 3743 prospici
1103 3643 1227 3742 coepit
1240 3644 1378 3719 nostro-

307 3774 395 3827 rum
413 3749 625 3851 temporum
642 3755 879 3847 ¹foederibus,
913 3771 953 3835 ut
975 3759 1016 3834 in
1038 3755 1280 3834 Vltraiedino
1303 3757 1379 3833 foe-

245 3932 251 3953 ,
307 3864 395 3973 dere
420 3890 449 3940 a.
477 3888 591 3963 1713.
631 3882 695 3947 art.
724 3868 814 3950 XII.
838 3874 936 3949 inte'r
957 3868 1088 3951 Gallos
1114 3886 1152 3950 et
1180 3867 1405 3950 Britannosi

296 3974 523 4079 <Lamban
546 3976 591 4061 T.
604 3979 707 4061 VIII.
730 4009 767 4093 p.
792 3992 883 4087 84).
