2992 4992
550 494 862 562 =='
1180 488 1230 587 ιι

89 701 94 750 ἰ
155 689 280 771 babili
307 690 424 791 aliqua
449 688 634 789 opinione
656 687 834 791 pleraque
859 688 943 769 sunt
967 684 1237 769 constituendae

89 793 94 862 Ϊ·
156 807 395 889 Manifestum
419 818 542 901 autem
571 803 633 895 fit,
668 819 838 908 tempora
864 820 901 885 et
921 830 979 885 res
997 804 1090 909 ipsas
1109 806 1239 906 potiru

89 950 94 966 ·
159 937 281 1023 quarn*
307 921 522 1022 exquifitam
557 915 725 1021 aliquam
756 922 1013 1021 prudentiam,
1050 922 1240 1031 principio

159 1037 302 1125 saltem,
337 1061 485 1114 morem
502 1050 540 1113 et
557 1035 767 1113 institutum
783 1034 858 1115 hoc
872 1040 913 1115 in
931 1061 1048 1138 remp.
1066 1031 1235 1113 intulill'e.

261 1261 448 1343 Omnino
477 1224 518 1340 vt
532 1263 713 1342 colonias
737 1268 947 1365 mitterent,
976 1263 1158 1344 Romanis
1174 1268 1240 1343 ne·'

154 1376 357 1460 cellitatem
379 1379 498 1457 fecit
488 1402 670 1467 immane,
701 1382 811 1481 quod
826 1394 906 1459 turn
929 1394 1026 1473 erat,
1057 1382 1116 1457 ius
1137 1377 1239 1469 belli,

152 1520 246 1573 curn
278 1497 384 1571 omni
413 1497 515 1597 pube
532 1494 632 1573 caesa
644 1509 712 1573 aut
727 1495 795 1574 sub
813 1518 953 1574 corona
969 1496 1117 1573 vendita
1136 1492 1241 1570 vasti-

152 1614 249 1688 tierr'r
274 1634 449 1711 agrorum
476 1611 650 1689 facerent
709 1608 764 1688 Vt
785 1614 864 1712 agri
887 1616 984 1713 capti
1005 1610 1088 1689 usus
1107 1609 1243 1710 aliquis

156 1722 267 1814 effer,
315 1726 525 1803 deducendi
550 1738 654 1803 erant
686 1727 840 1823 coloni3
886 1750 957 1807 nee
985 1729 1113 1805 minus
1144 1740 1240 1815 turn,

144 1858 250 1917 ‘cum
277 1842 426 1917 mitiore
451 1840 606 1918 confilio
638 1842 683 1919 ad
711 1842 926 1941 augendum
948 1846 1090 1921 ciuium
1108 1862 1241 1927 nume·

155 1978 245 2032 rum
264 1954 348 2030 vitli
363 1968 402 2031 et
417 1958 515 2055 capti
530 1954 691 2033 Romam
706 1956 997 2035 traducerentur.
1059 1953 1157 2033 Cum
1175 1952 1243 2032 co'-

155 2070 241 2145 loni
264 2068 489 2169 longiusab
515 2074 606 2147 urbe
631 2065 891 2158 abscederent,
947 2070 994 2169 ad
1024 2068 1242 2168 suffragium

153 2184 357 2261 ferendum
385 2182 530 2263 Romae
558 2210 647 2262 cum
670 2182 874 2268 commodo
891 2184 957 2259 suo
976 2180 1093 2259 adelle
1109 2184 1242 2282 nequis

154 2300 274 2390 bant3
309 2302 455 2396 gratum
486 2302 613 2396 itaque
640 2312 678 2373 et
699 2320 771 2396 pro
798 2294 982 2373 beneficio
1000 2296 1188 2386 habitum,
1218 2294 1245 2375 ιι
1333 2368 1336 2385 ,
1382 2321 1386 2337 ’

157 2411 236 2487 luis
258 2412 369 2486 rebus
383 2411 471 2487 tine
488 2398 789 2512 interpellatione
807 2432 935 2489 vacare
951 2410 1089 2489 liceret.
1150 2406 1246 2487 Ver·

155 2524 348 2603 sumhoc
368 2526 492 2625 postea
506 2524 555 2601 'in
581 2549 744 2615 morem,
785 2546 898 2626 quem
928 2528 967 2602 in
993 2526 1154 2605 comitiis
1179 2524 1245 2603 ba·

157 2638 445 2721 bendisutilitas
461 2642 550 2739 reip.
569 2640 832 2717 commendare
852 2642 1000 2737 debuit3
1027 2644 1134 2743 isque
1151 2664 1245 2720 mox

157 2758 201 2832 in
232 2753 423 2846 ius'abiit,
458 2754 619 2855 iurisque
649 2754 856 2849 Quiritium
883 2770 996 2858 caput
1022 2759 1244 2836 constituere

156 2870 288 2969 coepit
311 2868 567 2970 praecipuum.
635 2868 793 2947 Ademto
825 2884 947 2947 autem
974 2876 1053 2950 iure
1082 2870 1245 2970 suffragii

157 2984 314 3085 reliquis
341 2986 518 3062 omnibus
544 2983 749 3077 Quiritium
774 2987 918 3062 iuribus
929 3034 945 3076 ,·
971 3008 1067 3086 quae
1089 2985 1244 3085 quidem

158 3099 208 3176 ad
224 3100 356 3174 statum
378 3098 595 3198 publicum,
626 3113 785 3177 utnunc
799 3090 1012 3199 loquimur
1043 3101 1243 3198 pertinent,

157 3214 337 3291 excidere
360 3212 519 3290 colonos
546 3211 687 3310 r'iecelse
701 3215 793 3290 «fuit
839 3212 951 3290 Nec
972 3235 1081 3310 vero,
1107 3210 1245 3292 etiamli

160 3318 405 3405 consiliorum
428 3304 632 3460 prudentia
651 3328 767 3405 haec
757 3343 808 3406 ιιι
828 3326 990 3405 instituta
1008 3305 1079 3403 effe
1100 3322 1248 3427 liquido

163 3423 369 3534 cubitaret,
394 3441 631 3522 mirationem
644 3441 683 3517 rd
705 3441 824 3519 facere
840 3443 1009 3520 deberet:
1042 3466 1127 3521 nam
1139 3442 1246 3519 facrle

161 3580 248 3633 eam
273 3555 451 3634 subiicere
473 3545 606 3633 animis
619 3558 785 3656 potuit
762 3581 803 3632 ac
821 3558 964 3635 debuit
963 3537 1079 3641 status
1104 3571 1141 3635 et
1156 3581 1248 3633 con·
1252 3595 1259 3608 x

161 3672 262 3748 ditio
279 3694 374 3771 quae
392 3684 474 3748 tuni
491 3683 568 3747 erat
582 3668 728 3747 Italiae:
752 3670 984 3749 habitabatur
999 3673 1062 3749 illa
1082 3650 1127 3749 ab
1144 3670 1249 3747 οιιιιιι
1317 3720 1320 3731 ι

162 3786 256 3863 inde
290 3790 470 3863 memoria
495 3810 515 3860 a
542 3784 701 3861 coloniis
733 3783 948 3876 Ausonum,
997 3784 1248 3879 Etruseorum,

163 3897 425 3998 Pelasgorum
432 3914 478 3986 et
486 3896 737 3993 Graecorum3
768 3894 916 3977 Latium
932 3898 1070 3979 XXX.
1089 3898 1249 3977 coloniis

166 4013 288 4091 Albae
314 4010 469 4112 Longae
495 4028 575 4091 erat
599 4012 899 4141 frequentatum
937 4028 1013 4092 erat
1044 4019 1084 4090 in
1111 4014 1155 4085 iis
1175 4006 1250 4107 ipsa

165 4126 303 4207 Roma.
372 4127 496 4205 Multa
518 4130 633 4227 igitur
657 4144 806 4229 tempus
834 4142 871 4204 et
888 4154 946 4208 res
963 4128 1099 4206 docere
1115 4110 1157 4201 a'c
1171 4118 1253 4200 sua

166 4243 259 4322 dere
275 4242 436 4382 debuit,
457 4252 553 4347 quae
569 4264 673 4323 nunc
689 4248 920 4345 ignoramus.
978 4238 1195 4331 Videntur
1184 4240 1255 4335 rgi-

740 4356 816 4455 F3
1191 4361 1253 4423 tut
1394 4462 1399 4470 .
