2992 4992
221 400 222 415 ι
257 386 264 421 i

110 515 116 521 ’
221 496 366 613 ¹33⁶
425 522 455 614 ³,
557 485 959 581 ·..·.·.·.-···.......'····

171 714 173 720 '
239 714 398 819 igitur
421 679 511 787 haec
540 636 660 793 ndstra
682 729 762 816 npn
779 686 904 785 moda'
917 705 963 783 ab
981 696 1044 781 iila
1064 653 1248 805 religione
1267 722 1356 811 pto-

235 824 529 912 fiaiscebatur,
563 830 636 922 qua
653 804 722 898 nas
735 842 935 896 commune
948 816 1132 919 Principis
1143 840 1186 897 ac
1201 819 1355 901 Cinium

282 937 476 1025 ainardum
498 934 709 1033 obstringit,
743 947 806 1010 aut
825 956 902 1032 qua
927 929 996 1012 ιιὸι
1015 934 1170 1044 adigunt
1185 940 1357 1015 commu-

160 1097 215 1155 ..¹
277 1076 351 1131 nes
375 1054 415 1129 in
438 1051 543 1127 terris
566 1046 884 1127 Brunsuicensrbus
900 1045 1102 1125 collocatae
1120 1046 1356 1138 fortunatum

180 1230 197 1265 .·
277 1166 407 1268 sedem
451 1185 581 1259 verum
611 1161 676 1239 alit
707 1174 755 1239 et
746 1152 970 1237 inflammat
993 1162 1166 1260 pietatem
1190 1167 1356 1243 nostram

87 1314 88 1335 ι
213 1294 223 1367 ἢ
275 1280 422 1361 multo
419 1279 551 1377 magis
578 1276 637 1379 id,
677 1274 781 1375 quod
805 1275 851 1351 ad
880 1298 945 1351 vos
970 1297 1137 1366 omnes,
1164 1293 1358 1379 quotquot

87 1442 105 1507 3
167 1490 169 1496 Ι
216 1390 218 1398 ’
252 1447 276 1493 ·.
274 1394 467 1491 hissactis
477 1392 607 1469 nostris
625 1388 784 1467 adfuistis
801 1402 912 1489 atque
930 1388 1020 1467 haec
1029 1389 1180 1489 legitis,
1208 1390 1352 1491 spedat,

282 1509 493 1586 eommunia
522 1504 624 1583 haec
643 1504 846 1581 litterarum
875 1524 1053 1601 parens,
1037 1503 1164 1595 alma
1188 1504 1353 1608 Georgia

168 1709 171 1717 ,
280 1621 454 1720 Augusta,
481 1641 680 1705 commune
696 1616 771 1693 hoe
784 1616 973 1695 Musarum
989 1591 1240 1709 domicilium,
1249 1644 1351 1701 com·

254 1736 420 1837 1ιιιιιιιίι
435 1714 497 1811 hic
519 1730 624 1837 quast
638 1730 857 1821 eorruidus',⁰
886 1753 1102 1816 communes
1129 1731 1169 1809 hi
1195 1732 1354 1837 discipli-

280 1868 413 1927 narum
440 1848 621 1926 b'onarum
646 1843 803 1940 irardus,
838 1847 907 1944 qui
929 1846 1001 1921 ad
992 1846 1140 1945 mgenia
1155 1850 1269 1925 vestra
1285 1849 1353 1927 fin·

227 1992 245 2019 ι
279 1962 425 2063 ganda,
462 1959 657 2065 polienda,
691 1958 877 2049 ornanda,
917 1960 963 2035 ad
986 1952 1249 2038 humanitatem
1277 1988 1352 2041 rne-

280 2078 375 2155 liore
409 2076 512 2153 cultu
543 2088 600 2152 et
612 2074 758 2151 honore
786 2070 1097 2172 amplificandam,
1138 2072 1350 2160 felicitatem

156 2253 159 2265 .
276 2190 364 2273 suae
395 2193 577 2291 cuiusque
597 2189 752 2287 patriae,
797 2188 945 2263 suorum
971 2188 1228 2287 popularium,
1272 2195 1351 2269 vni·
1411 2289 1412 2294 Ν

279 2284 399 2383 iersae
426 2303 665 2393 Germaniae,
701 2303 938 2401 proueniunt
981 2302 1120 2395 Quod
1140 2306 1237 2380 enim
1254 2306 1350 2385 haec

277 2422 412 2497 omnia
431 2418 633 2505 litterarum
656 2438 697 2491 at
722 2416 927 2494 studiorum
951 2416 1211 2509 instrumenta,
1240 2444 1350 2521 appa·
1411 2433 1412 2438 '

277 2531 397 2623 ratus,
443 2553 533 2629 opes
564 2552 605 2607 ac
630 2529 772 2628 copiae,
797 2530 837 2606 in
862 2528 1159 2629 hac-litterarum
1174 2546 1351 2635 tanquam

193 2658 196 2663 ‘
270 2643 481 2745 metropoli
518 2642 702 2722 cumulate
738 2640 885 2729 adsunt,
935 2645 1041 2744 quod
1056 2697 1060 2709 ·
1078 2670 1201 2728 aarum
1235 2672 1353 2751 opum

159 2806 165 2827 .
265 2770 535 2863 procuratores
561 2779 603 2833 ac
626 2758 758 2856 promi
769 2751 867 2833 haud
887 2754 1037 2847 desunt,
1069 2763 1135 2858 qui
1154 2762 1354 2843 liberaliter

272 2875 488 2974 impertiant
508 2870 730 2970 vestrisque
728 2867 849 2946 vfibus
868 2870 1076 2974 litterarum
1090 2897 1245 2974 penum
1240 2876 1354 2957 --locu

214 2971 215 2980 ‘
247 2988 414 3089 ·pleoem
447 2988 626 3087 aperiant:
674 3005 781 3061 curae
813 2997 851 3060 et
874 2966 1054 3083 beneficio
1082 2992 1216 3087 optimi
1238 2989 1354 3093 Regis
1410 3025 1411 3030 ‘

272 3101 439 3195 debetis3
468 3122 581 3199 quem
598 3097 902 3175 deuenerabundi
920 3088 1214 3195 nominaremus,
1242 3109 1354 3205 etiam

229 3215 232 3223 ’
273 3216 338 3293 st
328 3238 368 3293 m
394 3215 587 3294 communi
603 3218 766 3289 tantum
771 3225 924 3304 eorum,
969 3236 1064 3317 quae
1081 3221 1177 3294 curis
1172 3219 1355 3319 publicis

154 3358 155 3367 ι
260 3314 555 3415 administranda
574 3326 668 3415 sunt,
697 3351 853 3412 numero
869 3326 1098 3407 Academiam
1116 3354 1271 3432 quoque
1285 3359 1355 3413 no·

145 4254 149 4265 ’
193 4316 195 4327 ,
269 4220 390 4319 ditius
425 4251 518 4389 erat
554 4218 670 4319 Ηοο
707 4238 809 4316 enim
834 4238 915 4341 ipsu¹
939 4240 1004 4321 die
1026 4243 1248 4338 edicendum
1277 4258 1353 4325 erat

269 3446 381 3525 stram
404 3444 574 3535 haberet3
600 3442 692 3531 iam
716 3455 840 3519 autem
860 3425 1035 3543 {iugulati
1056 3445 1180 3547 aliqua
1202 3471 1290 3525 cura
1316 3462 1354 3527 et

272 3580 399 3639 amore
436 3580 494 3633 res
530 3553 667 3633 nostras
695 3551 766 3632 Ille
795 3552 1042 3657 ampleciitur,
1082 3559 1354 3667 munificentia-

273 3670 470 3773 qneregia
494 3673 604 3747 etiam
631 3693 729 3757 noua
750 3668 903 3746 subinde
919 3688 1133 3772 ornamenta
1152 3676 1352 3754 acdecoaa

123 3772 130 3779 ⁶
271 3785 419 3895 nostrae
447 3782 663 3865 Academiae
689 3784 907 3877 meditatum
948 3787 1061 3885 inque
1085 3788 1143 3864 his
1158 3789 1354 3870 confilium

184 3952 196 3966 -
269 3900 387 3993 iniit,
424 3920 502 3999 qua
527 3899 641 3974 vestra
668 3896 802 3987 studia,
841 3894 1146 3997 Commilitonea,
1191 3903 1289 3982 alere
1314 3918 1354 3981 et

238 4086 240 4093 .
271 4016 434 4094 excitare
468 4012 606 4101 voluit,
652 4013 834 4109 cuiusque
861 4010 976 4089 cantia
1004 4014 1105 4092 idem
1137 4016 1200 4093 ille
1228 4019 1351 4097 noster

271 4146 346 4207 con
349 4113 473 4217 sessus,
516 4124 580 4203 ille
602 4138 732 4203 coetus
750 4125 884 4215 vester,
920 4128 1014 4206 ina
1033 4129 1068 4206 d
1086 4128 1154 4208 IV
1145 4128 1303 4209 Iunii
1293 4158 1352 4209 ιιι-

1143 4361 1350 4460 publice
