2992 4992
479 478 485 486 ’
541 471 828 559 ''¹¹¹7''-
1195 472 1228 557 '³‘

148 659 213 740 effe
239 658 437 761 prosettam
461 680 574 759 quarn
602 656 784 736 infinitam
807 647 905 733 hane
934 659 1150 737 varietatem
1177 661 1220 739 in

134 776 240 853 ,caeli
256 776 394 876 soiique
418 776 582 863 naturis,
620 796 746 848 rerum
769 773 1090 871 animantiumque
1112 772 1221 857 senri-
1322 780 1326 787 “

137 891 272 981 nibus,
320 890 470 976 formis,
519 888 758 965 incrementis
767 911 779 980 ;
824 910 896 963 nee
918 887 1089 963 reuocari
1118 884 1221 996 posse
1322 940 1327 955 ·

145 1006 303 1082 numinis
324 1025 450 1080 curam
468 1026 511 1089 ac
526 1002 803 1101 prouidentiam
820 1001 865 1078 ad
882 1024 1000 1077 vnum
1018 1002 1218 1103 populum,

146 1119 188 1195 ad
222 1142 332 1195 vnam
349 1118 489 1193 ⁴sesiam
515 1132 552 1193 et
575 1113 836 1215 profeffionem
860 1117 1052 1213 opinionis
1074 1139 1124 1191 ac⁴
1140 1116 1219 1195 cul-

143 1246 217 1335 tus:
254 1233 555 1331 superstitionum
582 1244 619 1307 et
647 1232 875 1329 opinionum
906 1229 1070 1305 ludibria
1094 1228 1219 1329 passim

139 1342 221 1422 sunt
240 1344 421 1450 dispulsa,
450 1348 627 1445 etcoepit
642 1343 794 1441 tandem
812 1354 912 1421 'aetas
929 1343 1083 1419 statuere
1104 1344 1219 1440 digna

139 1464 295 1565 numine
311 1462 533 1561 diuinaeque
549 1472 699 1535 naturae
720 1458 923 1547 maiestate,
950 1480 1062 1557 quam
1087 1457 1219 1557 paullo

140 1589 223 1651 ante
242 1599 321 1675 quo
338 1578 420 1675 quis
437 1578 553 1675 magis
575 1574 620 1651 ad
642 1587 792 1649 naturae
806 1572 997 1649 'humanae
1019 1571 1218 1651 imbecilli·

140 1678 253 1767 tatem
274 1690 500 1780 detraxerat,
530 1688 752 1788 hominique
770 1685 1010 1765 affimulando
1032 1679 1144 1769 deum
1161 1693 1217 1768 di-

137 1804 277 1895 luerat,
308 1830 355 1882 eo
375 1806 496 1883 verius
522 1796 562 1881 e't'
582 1801 881 1903 magnificentius
905 1803 952 1881 de
981 1803 1053 1883 deo
1076 1802 1217 1886 sensisse

137 1919 343 1997 videbatur.

254 2150 393 2247 Verum
412 2144 465 2226 ad⁴
483 2150 653 2227 historiae
679 2140 835 2248 q'uoque
854 2157 989 2225 veteris
1016 2149 1129 2227 fidem
1160 2153 1222 2231 fin·
1345 2247 1349 2253 ⁴

136 2262 319 2341 mandam
335 2251 497 2360 piurima
511 2262 595 2366 sunt
605 2314 620 2347 ‚·
645 2283 740 2357 quae
759 2285 806 2334 ex
821 2261 881 2335 his
905 2265 1222 2361 peregrinantium

116 2377 417 2451 *narrationibus
435 2376 511 2472 peti
527 2368 689 2471 possunt.
746 2370 870 2448 Multa
883 2374 923 2447 in
949 2375 994 2451 iis
1018 2395 1222 2461 occurrunt

137 2490 183 2569 de
201 2488 359 2591 populis
379 2511 422 2563 ac
439 2486 584 2561 familiis
603 2486 734 2561 eodem
761 2486 837 2564 sere
859 2490 952 2566 vitae
976 2491 1082 2569 cultu
1106 2493 1221 2575 vtcru.
1300 2562 1310 2573 .

140 2628 216 2704 que
241 2603 450 2692 utentibus,
479 2603 544 2701 qui
555 2624 666 2685 ,nunc
683 2598 808 2699 prfflm
824 2624 891 2701 per
907 2601 1134 2697 Amerinam,
1160 2596 1219 2687 in.

138 2732 195 2795 ter
222 2716 387 2817 populos
421 2716 593 2793 nondum
624 2714 669 2791 ad
696 2716 793 2789 vitae
816 2716 980 2794 melioris
1003 2723 1108 2797 initia
1131 2748 1221 2823 pro·

139 2829 308 2932 gressus,
339 2827 475 2909 visitur.
531 2826 718 2911 Herodoti
746 2826 837 2905 fides
862 2852 975 2931 quam
997 2849 1127 2913 vexata
1141 2838 1223 2925 fue.

142 2951 207 3037 rit,
236 2932 497 3036 satis'constat;
528 2957 780 3049 quam-tamen
802 2950 1052 3025 recentiorum
1073 2949 1120 3027 de
1138 2951 1220 3030 aaa

141 3076 178 3137 et
196 3060 321 3164 Afriea
339 3058 559 3157 scriptorum
580 3058 774 3157 consensus
799 3063 947 3159 egregie
978 3063 1150 3141 liberauit
1183 3080 1222 3145 et
1301 3048 1309 3055 ⁶

141 3175 341 3263 stabiliuit,
388 3196 505 3273 quum
532 3176 604 3255 iarn
629 3187 713 3248 ante
743 3170 826 3250 duo
854 3174 995 3250 saecula
1029 3179 1075 3251 ab
1100 3175 1216 3257 Henr.

142 3290 334 3390 Stephano
358 3304 490 3388 coepta
505 3284 590 3365 effer
609 3288 795 3364 vindicari.
855 3285 901 3363 In
918 3288 1000 3387 ipfis
1016 3289 1123 3367 sacris
1143 3292 1223 3372 He-

144 3405 346 3480 braeorum
367 3402 493 3494 libris,
545 3426 631 3489 cum
654 3425 789 3501 magna
818 3425 942 3479 rerum
973 3405 1225 3503 expositarum
1336 3412 1342 3421 ’

141 3543 224 3618 pars
240 3516 289 3595 ad
304 3517 476 3594 homines
501 3516 654 3619 [pestem
685 3519 752 3616 qui
769 3530 832 3593 aut
856 3516 921 3593 sub
943 3518 1017 3618 ipsa
1042 3520 1224 3599 societatis

143 3634 332 3733 humanae
347 3624 551 3733 ‘primordia
574 3633 743 3707 uiuerent
763 3643 828 3706 aut
854 3632 1089 3713 nomadiram
1111 3638 1225 3715 vitam

147 3760 321 3847 agerent,
344 3754 348 3761 '
368 3764 430 3823 aur
454 3749 558 3821 ‘inter
594 3740 766 3822 barbaros
800 3759 839 3821 et
864 3746 1027 3823 incultos
1056 3749 1222 3849 populor

147 3858 322 3949 censendi
338 3859 476 3951 esseut,r
497 3858 577 3937 satis
595 3860 753 3948 constat,
788 3860 1057 3959 quam-multa,
1085 3862 1131 3941 ad
1155 3886 1226 3940 no-

149 3976 233 4055 stras
250 3974 426 4053 notiones
438 4012 459 4065 ‚v
478 3976 695 4075 opiniones,
721 3972 899 4051 sensurae
918 3974 1053 4051 iudicia
1069 3976 1224 4067 deflexa,

148 4091 304 4169 miseros
321 4076 461 4167 errores
487 4114 529 4168 ac
560 4088 832 4189 superstitiones
860 4091 901 4165 in
918 4087 1127 4166 'hominum
1148 4092 1228 4167 ani-

148 4228 230 4283 mos
251 4206 484 4313 inuexerint:
513 4226 678 4305 quorum
692 4200 958 4302 expeditissima
977 4204 1074 4281 ertio
1098 4204 1166 4295 est,
1199 4202 1228 4283 sr

93 4322 94 4327 '
649 4320 653 4326 ’
722 4314 756 4393 Α
785 4343 810 4395 2
1053 4320 1230 4401 notiones
