2992 4992
169 425 366 581 ἰι
696 470 985 539 m

302 654 408 754 ium,
438 684 534 763 quoa
559 651 871 744 commerciorum
895 672 932 741 et
950 666 1198 765 nauigationis
1220 665 1379 748 studiat

302 778 410 863 bello
416 778 668 868 abduxerant
698 778 866 855 luxuries
891 792 1014 857 antem
1034 795 1072 857 et
1094 782 1271 861 mollities
1300 810 1377 862 cor·

300 914 436 997 purum
456 894 571 971 robur
585 892 752 1003 fregerat
813 890 887 971 Etsr
899 916 1015 993 porro
1032 918 1112 975 non
1133 881 1240 987 armis
1257 903 1375 999 magia

300 1032 343 1085 ae
359 1010 514 1097 virtute,
557 1011 672 1106 quain
699 1007 855 1085 confilio
888 1021 926 1085 et
944 1002 1140 1108 prudentia
1168 1008 1375 1091 excelluisse

299 1119 461 1201 Romani
476 1122 592 1199 videri
609 1116 801 1199 debent:
789 1147 829 1199 ιιι
844 1123 913 1200 hac
929 1137 1053 1203 tamen
1070 1124 1267 1224 prudentia
1285 1151 1372 1205 con-

235 1329 239 1335 .
297 1240 407 1316 tineri
421 1235 593 1314 ridebitis
610 1235 747 1327 multa,
773 1258 872 1336 quae
901 1261 990 1343 curn
1013 1239 1170 1329 iustitia,
1204 1239 1373 1333 hamam

295 1364 371 1430 tate
387 1364 426 1429 et
439 1350 724 1439 moderatione
736 1362 873 1451 parum
881 1350 971 1461 sunt
987 1353 1201 1432 eoniuntia:
1228 1360 1371 1435 'atenim

295 1469 461 1569 priuatae
477 1466 581 1543 sortis
599 1465 789 1553 homines,
808 1450 1045 1545 itariuieates
1055 1480 1092 1543 et
1107 1470 1260 1569 imperia
1273 1470 1367 1549 haud

113 1543 117 1549 .
212 1605 215 1611 ·
296 1581 405 1659 facile
431 1579 477 1657 ad
499 1577 659 1676 inbgnes
694 1577 835 1681 aliquas
863 1604 959 1679 opes
984 1596 1021 1659 et
1052 1584 1218 1660 fortunas
1241 1608 1402 1683 petua.

294 1690 736 1784 niunt,nis1interdum
762 1692 926 1771 Vtilitatis
957 1678 1114 1773 'causs‘a
1100 1713 1157 1775 tus
1185 1696 1251 1773 fibi
1273 1698 1400 1777 deie-

296 1808 457 1887 tendum
473 1804 542 1884 esse
559 1807 757 1883 statuerint
817 1805 980 1899 Romani
1005 1824 1129 1889 autem
1154 1834 1266 1891 omne
1292 1816 1364 1891 sere

294 1927 358 2003 ius.
377 1922 425 2001 ad
440 1924 529 2021 reip.
547 1922 744 2015 utilitatem
761 1924 1003 2028 remeabant,
1043 1918 1155 2025 quam
1166 1941 1302 2029 “tamen
1321 1952 1363 2025 erc

250 2074 254 2081 ¹
293 2036 604 2141 philosophorum
627 2038 771 2139 placitis
792 2040 1028 2115 constitutam
1044 2042 1089 2117 ab
1105 2044 1148 2117 iis
1166 2034 1283 2119 nolite
1299 2068 1362 2143 pu·

293 2168 390 2233 tare:
418 2152 455 2231 se
470 2149 669 2253 superesse,
706 2176 764 2228 res
790 2175 939 2251 gerere,
971 2176 1062 2253 opes
1087 2168 1125 2231 et
1151 2159 1276 2256 copias
1302 2158 1361 2234 ha·
1403 2228 1404 2243 ,

291 2271 400 2359 bete,
431 2291 519 2346 cum
541 2270 657 2345 totius
669 2269 816 2367 generis
839 2266 992 2345 humani
1017 2269 1211 2377 seruitute,
1249 2286 1302 2361 et,
1336 2270 1360 2349 fi
1403 2330 1404 2339 ι

240 2433 245 2446 ·
290 2383 386 2461 febre
414 2387 545 2481 iugum
569 2380 713 2472 nollet,
747 2382 917 2473 excidia,
956 2384 1114 2483 dignum
1142 2398 1179 2461 et
1207 2406 1358 2486 aequum

237 2500 245 2511 '
288 2497 486 2577 habebant

402 2724 578 2827 Inprimis
593 2750 683 2805 vero
705 2724 855 2805 consalia
886 2739 925 2805 et
942 2740 1059 2820 artes,
1094 2729 1230 2830 quibas
1253 2730 1357 2811 Sena-

286 2856 347 2921 tus
363 2842 446 2922 vsus
465 2843 537 2931 est,
568 2841 614 2917 ad
635 2856 693 2919 tot
717 2851 916 2943 tantosque
940 2845 1104 2945 populos
1128 2858 1167 2921 et
1191 2859 1302 2925 terras
1322 2852 1355 2925 in

257 2987 261 3002 ·
287 2958 469 3058 obsequio
485 2956 715 3047 retinendas,
742 2955 806 3033 etti
825 2956 976 3037 summis
996 2959 1167 3047 laudibus
1188 2984 1208 3036 a
1232 2964 1355 3039 naultis

287 3072 357 3150 srnt
374 3070 596 3161 celebratae,
627 3074 679 3149 ita
693 3086 818 3149 umen
835 3089 1065 3172 comparatae
1083 3073 1185 3163 sunt,
1226 3091 1265 3151 vt
1282 3098 1355 3177 par·

195 3179 200 3189 ’
286 3190 355 3265 tim
371 3188 419 3267 ad
432 3190 513 3277 itas,
546 3185 652 3286 quod
677 3188 718 3263 in
745 3210 857 3263 manu
882 3185 1043 3287 positum
1070 3185 1147 3287 est„
1182 3191 1354 3291 quodque

250 3332 255 3337 ·
285 3305 336 3393 ia,
374 3306 440 3405 qui
465 3315 609 3379 ceteros
635 3301 775 3377 viribus
799 3302 968 3405 excellit,
1007 3304 1197 3402 potentior
1220 3306 1297 3405 ipse
1323 3320 1354 3381 et

285 3418 439 3505 sortior,
464 3429 630 3503 exercet,
661 3415 762 3495 etad
781 3417 1116 3519 viminiuriamque
1132 3421 1258 3511 omnia
1284 3422 1355 3495 fere

240 3552 244 3562 ’
283 3532 457 3635 redeant,
485 3531 619 3630 partim
636 3543 711 3607 tam
727 3522 996 3609 abominandae
1019 3531 1103 3611 sunt
1118 3530 1276 3623 tiaudia,
1303 3539 1356 3611 in-

281 3642 431 3726 sidiosae
449 3644 597 3722 astutiae
613 3659 650 3721 et
665 3644 875 3746 superbiae,
904 3658 943 3721 vt
960 3646 1172 3746 legentibus
1188 3644 1357 3747 indigna-

277 3764 426 3850 tionem
440 3770 477 3838 et
490 3758 685 3839 horrorem
695 3760 840 3839 faciant.
896 3752 1041 3861 Itaque,
1061 3774 1101 3839 vt
1118 3762 1268 3861 populi,
1291 3766 1357 3839 ho·

282 3876 429 3956 minum
449 3895 649 3975 rerumque
667 3878 784 3977 copiis
798 3872 1062 3965 florennffimi,
1094 3881 1333 3977 etprouinci.‹.

281 3990 365 4070 latis
387 3990 524 4067 finibus
543 4002 730 4094 patenter,
758 3990 915 4087 imperio
932 4002 1015 4067 tuto
1044 3982 1172 4068 haberi
1198 3989 1354 4091 possent.
1401 4052 1402 4069 ι

280 4103 478 4187 hominum
495 4104 691 4193 caedibus,
720 4104 870 4184 arbium
889 4103 1060 4195 excidiis,
1092 4106 1228 4187 vastitie
1246 4106 1336 4187 ets

279 4220 439 4304 titudine
477 4240 674 4319 agrotum
670 4216 858 4299 effaetum
880 4218 939 4299 est
987 4210 1130 4321 Nihil
1155 4220 1249 4305 adeo
1285 4246 1343 4297 ει
1399 4210 1401 4221 ’

1048 4403 1055 4422 ,
1104 4388 1106 4393 -
1200 4332 1318 4413 videa*

1056 4425 1081 4504 N*
1168 4507 1170 4513 .
