2992 4992
399 462 821 513 ··“““““““
1105 474 1276 562 s13=

519 512 799 530 W

124 628 308 750 moratur,
333 660 434 761 quod
451 663 532 740 non
546 657 913 762 inquacunquealia
927 658 1031 740 febre
1045 664 1196 765 putrida

122 779 273 854 euenire
288 779 456 876 potuerit.
530 793 536 829 ⁷
787 786 791 793 ’
1223 798 1231 810 ·

109 1102 117 1111 .
234 1002 349 1097 Quod
374 999 774 1104 igitur'asleue‘ramus,
817 1002 894 1083 hoc
925 1002 997 1096 est,
1048 1019 1089 1083 rt
1114 1030 1194 1089 nou
1331 1044 1350 1057 -

126 1116 604 1216 pronuntiemus,¹unullanr
626 1122 800 1195 'omnino
810 1133 897 1196 ante
919 1119 1018 1197 Sacc.
1038 1116 1085 1196 ΙΙ.
1111 1116 1202 1202 aC.·

126 1230 169 1308 N.
188 1230 338 1311 'Romae
361 1227 472 1308 fulin
489 1226 753 1330 pestilentiam,
780 1256 909 1307 verum
928 1246 970 1307 vt
985 1236 1195 1341 statuamus,

121 1370 175 1435 eas
205 1370 303 1447 quae
323 1346 420 1445 apud
437 1342 587 1437 Liuium
610 1346 778 1447 aliosque
796 1346 994 1445 leguntur,
1026 1350 1196 1447 pestilen—
1225 1438 1232 1445 ¹

119 1463 185 1536 tiae
207 1462 369 1559 proprie
404 1458 519 1551 dislae
555 1458 656 1560 tgna
674 1460 770 1541 :satis
792 1476 890 1537 certa
917 1461 1020 1537 nulla
1042 1463 1190 1543 habete.

120 1572 213 1652 Non·
228 1578 329 1651 enim
343 1576 577 1673 ignoramus,
614 1576 660 1653 de
678 1576 830 1683 saeculis
845 1572 987 1653 Romae
1005 1580 1196 1680 prioribus

119 1691 154 1763 in
175 1690 306 1766 multis
338 1692 449 1767 rebus
473 1713 546 1767 nos
568 1693 658 1767 certi
683 1704 719 1767 et
743 1690 1090 1792 explorarialiquid
1112 1718 1216 1777 non.

118 1816 260 1897 tenere3
298 1804 432 1880 famam
460 1802 559 1881 enim
582 1805 775 1881 obscuram
800 1818 837 1880 et
850 1806 987 1883 exilem
1004 1830 1025 1883 a
1042 1810 1193 1886 maiori-
1257 1814 1262 1828 ⁴

119 1916 183 1993 bus
213 1932 401 2017 acceptam
425 1919 556 1995 litteris
582 1916 972 2018 cbnsrgnaruntprimi
991 1921 1195 1999 Annalium

117 2030 308 2131 scriptores
332 2056 352 2108 a
383 2032 538 2125 Saeculo
565 2032 650 2108 inde
678 2034 722 2107 ab
746 2028 792 2107 V.
813 2028 854 2107 C.
872 2032 997 2121 sexto,
1028 2049 1066 2109 et
1083 2039 1193 2112 variis

117 2166 185 2243 pro
200 2212 203 2221 ,
217 2145 282 2223 suo
313 2149 472 2246 quisque
489 2151 643 2245 ingenio
659 2146 781 2221 orodis
798 2145 1070 2244 amplificarunt
1088 2162 1199 2223 orna‘u

115 2273 302 2357 runtque3
336 2284 382 2335 ex
400 2264 445 2335 iis
461 2262 615 2357 arripuit
631 2282 690 2345 ea,
720 2278 817 2355 quae
835 2260 995 2333 maxime
1009 2260 1196 2357 probaret,

116 2364 273 2461 Liuius,
307 2372 376 2447 alia
402 2370 627 2472 Dionysus,
653 2370 721 2445 alia
738 2366 973 2460 Plutarchus,
1001 2373 1106 2473 saepe
1126 2374 1196 2451 dis-

116 2487 205 2565 sona
224 2489 320 2560 inter
333 2486 367 2565 se
386 2500 424 2561 et
442 2484 688 2585 discrepantia,
708 2506 825 2583 eaque
841 2483 905 2561 suo
917 2506 1074 2589 quisque
1089 2512 1195 2567 more

118 2600 318 2677 cruciarunt
340 2614 378 2677 et
403 2614 602 2689 ornarunt,
634 2614 674 2675 vt
693 2602 729 2675 in
747 2598 832 2698 ipsis
848 2599 941 2677 locis
959 2600 1005 2679 de
1030 2604 1192 2704 pestibus

119 2714 325 2813 intelligere
339 2714 436 2793 licet.
498 2713 616 2815 Quod
634 2712 659 2789 st
680 2738 766 2791 vero
782 2733 847 2825 ea,
876 2737 971 2815 quae
986 2720 1092 2794 aetati
1108 2719 1194 2797 suae

121 2834 294 2929 propiora
335 2842 457 2935 erant,
515 2832 671 2920 certiora
707 2844 743 2907 et
760 2829 1025 2929 xeuploratiora
1050 2834 1198 2930 tradere

121 2941 274 3041 potuisse
300 2936 413 3020 uideri
439 2942 594 3020 debent:
635 2968 714 3020 non
743 2958 865 3021 tamen
894 2968 936 3021 ea
959 2948 1195 3022 naturaerei·

122 3080 189 3155 que
218 3059 384 3135 medicae
408 3059 471 3134 ista
496 3070 610 3135 aetate
640 3060 789 3159 vigebat
832 3061 985 3146 notitia,
1023 3072 1065 3132 vt
1095 3078 1198 3133 mor·

123 3171 255 3251 larum
293 3172 514 3251 calamitates
532 3170 618 3268 xsatis
647 3172 846 3273 diligenter
872 3186 911 3247 et
938 3168 1055 3269 presse
1077 3192 1203 3270 expo„

123 3274 206 3369 nere
230 3286 385 3389 possent.
438 3278 523 3393 „Etsi
546 3290 698 3387 itaque,
731 3284 912 3387 quoniam
927 3284 973 3361 ad
991 3284 1197 3383 religiones

123 3400 327 3501 spectabant
368 3402 586 3480 morborum
621 3404 849 3489 notationes,
898 3402 938 3475 iu
955 3396 1200 3487 'Pontificum

125 3520 315 3595 annalibus
338 3542 413 3603 ,vna
441 3516 730 3616 cum.·prodigiis
756 3515 1090 3617 prodigiorumque
1110 3535 1203 3615 prm

127 3633 373 3711 curationibus
396 3630 621 3733 pestilentiae
643 3645 810 3709 accurate
835 3629 906 3705 suis
937 3635 1042 3707 annis
1066 3626 1202 3715 adscri-

126 3742 321 3836 berentut,'
350 3756 432 3824 'non
458 3758 582 3821 tamen
607 3746 788 3845 expedisti
810 3759 976 3852 poterat,
1006 3760 1046 3821 vt
1069 3743 1117 3823 de
1141 3774 1202 3827 ea-

126 3882 204 3939 rum
225 3876 384 3950 natura,
426 3873 511 3938 ortu
534 3882 575 3939 ac
601 3858 810 3959 progressu,
846 3858 989 3959 aliquid
1012 3856 1146 3939 diserte
1164 3875 1202 3940 et

129 3974 231 4053 dotto
262 3975 343 4053 satis
369 3960 568 4055 me'ruoliae
586 3975 838 4051 mandaretur.
899 3971 985 4051 Hoc
1004 3976 1107 4054 enirn
1125 3956 1204 4053 erit

130 4088 242 4183 illud,
280 4090 383 4191 qu'od
406 4093 662 4191 aratiquitatem
684 4094 842 4166 onanino
860 4088 909 4165 ab
926 4085 1118 4177 subtiliore
1136 4110 1203 4167 na·-

128 4212 244 4294 turae,
294 4206 525 4305 adeoqueet
549 4204 769 4285 morborum
805 4206 1025 4302 cognitione
1050 4210 1204 4284 reuoca-
1239 4302 1243 4308 ἱ

186 4334 298 4424 uentu
311 4320 418 4431 Opust.
435 4330 522 4409 acad.
541 4330 694 4437 Vassis.
809 4311 848 4400 H
1035 4360 1042 4373 ,
1067 4427 1071 4432 1
1147 4323 1203 4394 vit
1229 4358 1241 4372 =
