2992 4992
103 748 107 755 .
177 758 182 761 ,
298 706 419 790 ,fit-et
435 682 759 791 semiustum
781 704 844 771 ea,
864 692 982 783 ‚quse
998 674 1045 754 ad
1068 630 1294 753 interiorem
1315 678 1394 753 eius

306 816 482 895 notitiam*
505 800 732 907 spetiabant,
769 797 1014 895 inprimisque
1038 814 1138 891 ¹quae
1155 792 1204 869 ab
1225 790 1391 869 sollemni

306 953 433 1009 rerum
458 922 564 1000 cursu
594 914 833 1019 recedebant,
873 908 919 986 ad
941 906 1142 1006 religiones
1165 918 1392 1006 metumque

225 1114 231 1123 .
267 1101 271 1112 ,
305 1046 467 1131 deorum
486 1036 752 1123 reserebantur„
809 1021 1206 1121 Adeonullazgrauior
1221 1042 1268 1119 ae
1285 1022 1391 1121 pesti.

308 1161 448 1241 lentior
478 1143 744 1255 ignoratio-est
770 1148 1067 1243 ¹quarn.=nat'urae
1100 1134 1165 1213 seu
1187 1133 1389 1237 hominum

301 1278 374 1375 seu
388 1294 512 1353 retum
523 1292 536 1362 ;
549 1265 627 1346 Hoc
644 1263 735 1361 fonte
752 1250 1025 1335 deriuatmcsasu
1036 1252 1138 1348 loque
1149 1262 1268 1351 parrer
1282 1277 1390 1351 popa

310 1394 441 1487 samque
463 1385 580 1483 fluxit.
618 1455 622 1459 ,
648 1371 894 1469 Quotprauis
914 1365 1216 1463 religionibusac
1231 1364 1388 1465 placitis,

312 1519 411 1609 quot
456 1488 774 1595 superstitionibus
815 1478 1105 1583 perniciosisque
1140 1480 1317 1557 institutis
1348 1480 1389 1554 li·

208 1624 212 1629 ’
307 1626 442 1701 ,beraea
466 1608 554 1704 esset
573 1615 637 1682 aut
665 1596 798 1678 intasia
822 1592 1002 1675 mansisset
1029 1616 1125 1693 gens
1141 1593 1326 1683 hunnus,
1362 1591 1384 1667 fi

312 1749 467 1815 naturae
493 1735 530 1801 et
555 1722 638 1797 suae
661 1730 703 1793 et
726 1735 853 1792 rerum
875 1712 1109 1791 accuratiore
1139 1708 1290 1787 scientia
1307 1731 1385 1785 cum

311 1849 397 1951 ipso
425 1854 511 1922 ortu
526 1826 825 1918 imbutafuiffeu
853 1838 918 1905 aut
935 1826 981 1903 ab
996 1823 1053 1901 his
1072 1836 1252 1923 tanquam
1267 1823 1384 1901 omnis

159 2054 163 2062 ,
312 1970 426 2044 uerae
457 1952 637 2035 scientiae,
659 1944 852 2029 elementis
882 1942 944 2023 sua
966 1940 1184 2017 rudimenta
1206 1935 1386 2038 petiissent

313 2082 365 2168 ii,
381 2074 457 2177 ,qui
481 2067 681 2166 religiones
706 2072 743 2137 et
767 2062 846 2135 iura
863 2054 1024 2133 condere
1058 2054 1176 2130 videri
1195 2048 1383 2130 volebant!

318 2191 419 2271 Cum
440 2190 575 2284 itaque
603 2174 716 2255 semel
745 2172 960 2249 imbibitum
992 2164 1078 2245 esset
1100 2169 1252 2257 animis,
1298 2163 1385 2273 nihil

183 2289 187 2297 ¹
265 2286 268 2307 ‘
315 2308 427 2395 mali,
452 2298 596 2383 nullam
614 2286 879 2397 calamitatem,
910 2282 1056 2361 nullam
1073 2282 1215 2359 febrem
1236 2303 1387 2365 aemor-

318 2426 412 2501 burn
427 2418 639 2517 grauiorem
653 2404 721 2485 uisa
730 2404 783 2483 sab
798 2404 850 2477 ira
865 2400 1029 2478 numinis
1044 2399 1205 2487 immitti,
1218 2394 1385 2473 declarari

315 2538 418 2615 hanc
441 2533 533 2605 iram
559 2522 669 2599 certis
687 2518 837 2594 *clientis
852 2526 1012 2590 naturae
1037 2510 1214 2600 insolitis,
1248 2510 1326 2587 hoc
1344 2506 1386 2586 est

318 2647 472 2726 ostentis
511 2634 789 2738 prodigiisque,
853 2629 1085 2705 curationem
1104 2626 1345 2703 *morborum
1370 2644 1386 2695 a

193 2830 200 2839 ,
244 2774 249 2819 ῑ
314 2762 463 2865 placata
484 2749 727 2829 numinisira
752 2736 821 2819 elle
845 2740 1128 2841 expeiiandam,
1162 2762 1232 2817 nec
1257 2736 1386 2837 placari

315 2900 406 2955 eam
427 2866 527 2973 posse
550 2862 615 2941 nili
641 2848 749 2939 certis
772 2858 904 2935 ritibus
928 2870 965 2935 et
981 2848 1153 2933 sorniulis'
1169 2877 1189 2931 a
1206 2850 1388 2931 Pontifici·

318 2995 391 3071 bus
407 2980 650 3089 praescriptis:
673 2978 771 3065 inter
785 2973 887 3061 haec,
916 2970 996 3049 lieri
1013 2968 1246 3049 nullomodo
1258 2970 1388 3067 potuit,

318 3124 362 3186 vt
383 3101 555 3204 sagacitas
583 3094 742 3181 aliorum
769 3088 815 3165 de
840 3087 981 3165 morbis
997 3086 1054 3163 bis
1071 3085 1253 3162 sollertius
1268 3082 1411 3183 obserg

308 3238 403 3301 ,vata
428 3240 467 3295 et
491 3210 707 3307 inuestigare
731 3202 900 3307 traderet
943 3198 1061 3294 Quo
1088 3198 1220 3277 sationi
1246 3197 1318 3282 est,
1358 3200 1411 3271 vt³

319 3338 452 3416 diserta
474 3330 556 3407 satis
580 3325 624 3405 fit
645 3322 866 3419 scriptorum
891 3318 1052 3393 narratio
1072 3314 1117 3391 de
1134 3312 1318 3415 prodigiis
1337 3332 1411 3387 eo·¹

315 3471 481 3548 rumque
511 3435 855 3542 procurationibus,
900 3430 948 3507 de
978 3430 1120 3507 morbis
1157 3440 1281 3505 autem
1319 3446 1411 3515 non

320 3566 389 3643 nist
404 3580 540 3663 pauca,
571 3576 687 3655 eaque
707 3548 1238 3659 vulgariacommemorentur.

251 3851 253 3857 a
353 3836 357 3846 ·
410 3777 560 3865 'inhis
590 3793 716 3859 tamen
741 3772 922 3874 prodigiis
948 3768 1096 3869 agnosci
1114 3768 1304 3849 interdum
1318 3765 1396 3868 pos-

319 3907 406 3988 sunt
424 3900 572 4001 vestigia
592 3890 813 3976 causarum,
841 3910 860 3974 a
882 3884 1021 3985 quibus
1040 3883 1120 3961 lues
1139 3898 1264 3963 ortam
1281 3896 1397 3959 traxe·

318 4013 389 4109 rit:
418 4018 502 4103 sunt
519 4027 643 4121 autern
664 4028 726 4081 eae
751 4000 877 4086 nullae
900 3999 1013 4088 aliae,
1038 4021 1151 4099 quam
1167 4022 1260 4101 quae
1277 3999 1394 4075 febres

318 4134 487 4238 putridas
512 4124 687 4223 vulgares
700 4119 852 4217 gignere
870 4113 1009 4195 solent:
1033 4116 1129 4195 ‘aeris
1149 4116 1394 4214 moemperies

316 4251 413 4329 anni
445 4242 507 4326 sel
535 4239 685 4338 frigoris
711 4229 970 4322 inelementia,
1023 4228 1268 4329 intolerabilis
1297 4227 1395 4307 calor

1052 4425 1057 4435 ,
1094 4358 1098 4368 ’
1222 4342 1392 4433 aesi'ulus,
