2992 4992
520 448 1204 551 mei

85 651 161 726 :tia
179 648 320 737 vestra,
351 642 514 725 comm
527 648 780 739 illustriffimi,'
802 666 979 750 pompam
995 650 1035 727 in
1052 648 1198 737 sacrum

85 750 277 863 :adytum
291 763 516 849 ducendam,
543 767 785 869 aderitisqoe,
811 760 922 861 Ciues
941 764 1118 845 natalium
1134 771 1207 847 in.

85 880 390 977 ⁴:geniorumque
415 877 526 962 lande
542 880 759 981 conspicui,
793 877 900 955 sacris
918 880 986 957 rite
1004 880 1194 959 celebran-

85 1025 88 1062 ;
108 992 194 1069 dis,
256 988 423 1091 Agentur
450 1016 523 1091 pro
535 996 645 1071 rebus
661 994 766 1070 laetis
781 1004 818 1069 et
835 992 1028 1084 iucundis,
1056 998 1193 1095 quibua

85 1105 216 1183 aalma
227 1108 393 1182 numinis
411 1107 648 1204 prouidentia
664 1130 779 1207 remp.
799 1107 960 1184 nostram
974 1110 1087 1196 auxit,
1113 1132 1195 1207 gra-

108 1222 191 1295 tiae
222 1219 391 1300 debitae:
435 1217 629 1296 soluentur
658 1220 973 1319 suscipienturque
998 1218 1084 1299 vota
1109 1246 1195 1302 cum
1274 1318 1278 1330 Ι

105 1357 187 1435 pro
216 1329 479 1411 incolumitate
499 1334 707 1411 academiae
732 1346 772 1410 et
783 1332 992 1425 stabilitate,
1022 1348 1104 1415 tom
1123 1358 1197 1437 pro

107 1448 289 1525 vniuersa
310 1470 388 1548 rep.
412 1451 643 1549 prceibitque
669 1450 780 1525 verba
807 1444 999 1529 Themidis
1015 1449 1197 1541 sacerdon·

107 1586 222 1640 nunc
244 1562 389 1663 pietatis
405 1564 548 1642 nostrae
567 1566 769 1664 interpres,
804 1559 867 1642 111.
884 1558 1062 1641 lCtorum
1081 1562 1197 1645 Ordi-

105 1680 174 1765 nis
194 1673 372 1756 Decanus
393 1676 556 1779 Speoao.
575 1680 680 1756 cuius
697 1678 846 1771 caritate
869 1701 935 1757 vos
949 1676 1036 1757 duci
1053 1693 1090 1759 et
1109 1680 1199 1759 aliae

106 1791 333 1882 vidimus,-
979 1852 983 1859 .

236 1978 240 1984 ·
389 1929 930 2047 GE.·LVD.BoHMER,
1070 2018 1073 2029 .

104 2079 290 2160 oratione
304 2076 536 2158 sollennibus
552 2082 684 2158 ritibus
702 2078 911 2184 praemisa,
945 2066 1080 2181 ciuibus
1102 2074 1202 2159 Can·

106 2194 249 2281 didato
279 2192 512 2293 digniffimo,
559 2195 971 2280 10.'nvroenoanon,
1013 2191 1202 2270 Hambur.

106 2306 246 2412 genii,
279 2307 442 2384 summos
464 2307 505 2380 in
528 2322 687 2405 vttoque
709 2306 797 2383 Iure
812 2308 976 2383 honores
993 2307 1197 2407 impertiet3

109 2444 205 2525 quo
229 2418 324 2496 fado
349 2424 418 2497 rite
442 2432 585 2497 creatus
614 2416 762 2499 Dodor
786 2419 855 2499 alia
881 2423 1048 2499 oratione
1068 2420 1198 2525 etipse

106 2540 221 2617 bona
239 2547 324 2611 vota
339 2534 545 2637 precesq'ue
561 2533 678 2611 faciet.
809 2546 820 2571 ¹·

234 2701 399 2795 Interea,
433 2699 739 2801 Commilitonea,
780 2702 1085 2806 quandoquidem
1111 2709 1195 2787 vsus

114 2835 155 2897 et
170 2842 259 2895 mos
278 2821 330 2894 ita
351 2818 439 2908 fert,
467 2830 508 2893 vt
525 2817 732 2895 indicendis
750 2816 979 2899 sollennibus
996 2824 1196 2923 praefanda

114 2936 191 3013 fint
210 2956 293 3011 non
320 2933 445 3022 nulla,
486 2955 603 3032 eaque
624 2945 795 3009 nontam
810 2958 858 3009 ex
878 2937 1018 3014 intimis
1036 2937 1198 3037 discipli-

114 3073 256 3126 narum
278 3046 471 3125 recessibue
493 3051 626 3147 perita,
664 3068 778 3146 quam
811 3050 959 3146 potius,
990 3062 1030 3125 vt
1048 3052 1088 3123 in
1106 3051 1199 3127 arni·

115 3186 252 3240 eorum
276 3160 424 3239 circulo
450 3176 488 3239 et
513 3164 554 3237 in
574 3160 774 3239 famililiari
793 3162 962 3237 sermone
978 3161 1053 3261 ipsa
1068 3161 1198 3239 homa-

115 3282 215 3355 nitas
237 3276 428 3376 postulare
443 3276 560 3353 videri
580 3276 719 3375 potest,
745 3275 794 3353 de
812 3300 852 3351 re
866 3274 1011 3373 aliqua,
1038 3296 1133 3375 quae
1150 3276 1197 3357 ad

117 3393 338 3469 commonia
360 3390 477 3467 studia
493 3389 645 3491 spediet,
675 3405 742 3467 aut
759 3412 806 3465 ex
825 3392 897 3467 vita
918 3393 1111 3484 cummuni
1131 3416 1198 3495 pe-

117 3510 209 3597 tita,
246 3519 311 3581 aut
332 3526 445 3606 quam
471 3503 573 3582 casus
594 3502 792 3593 obtulerit,
818 3502 881 3581 seu
902 3504 1199 3589 cofabulantiurn

118 3622 304 3697 memoria
318 3633 358 3696 et
372 3620 582 3697 recordatio
595 3615 827 3717 suggefferit,
853 3620 915 3697 seu
932 3642 1028 3723 quae
1045 3646 1093 3699 ex
1109 3646 1199 3725 pro·

122 3739 228 3813 ximo
249 3731 429 3826 accedito,
457 3755 579 3832 nuper
597 3733 690 3810 leoa
707 3730 903 3825 auditaue,
932 3740 1108 3815 autentis
1123 3739 1198 3815 stu·

119 3850 267 3951 diisque
281 3847 512 3925 sollennibus
526 3850 678 3948 agitata,
702 3850 743 3924 in
759 3834 923 3927 animum
937 3854 1099 3929 venerit:
1122 3852 1199 3951 agi·

120 3965 272 4050 redum,
317 3986 367 4037 ne
398 3984 500 4039 nunc
525 3964 678 4063 quidem
701 3964 812 4041 altius
837 3964 980 4065 aliquid
1012 3978 1193 4065 repetere,

119 4094 185 4154 aut
197 4080 245 4155 de
262 4075 418 4155 confilio
435 4076 582 4155 dodam
599 4078 835 4179 scriptionem
852 4080 1052 4169 instituere,
1083 4098 1199 4175 qoam

121 4196 249 4293 potius
270 4191 433 4293 aliquid,
476 4192 581 4293 qood
604 4193 706 4273 casus
728 4190 848 4270 modo
874 4190 1030 4277 obtolit,
1059 4188 1106 4379 dd
1126 4212 1192 4272 voc

567 4314 572 4323 ’
687 4292 697 4315 ’
1043 4300 1197 4397 nferre,
