2992 4992
446 526 450 531 ,
539 439 844 553 ffl-
1171 418 1228 525 u*

97 648 101 725 ζ
147 628 286 735 potest3
319 629 374 704 ita·-
391 638 431 701 rt
452 624 546 704 salus
572 602 826 727 metropoleos
853 624 1011 719 summa,
1041 624 1110 705 nili
1127 625 1227 733 forta!
1325 613 1330 621 ’

97 769 102 839 3
151 749 279 833 unica,
313 742 375 817 lex
397 740 457 831 fit,
490 744 552 819 cui
573 743 782 822 concedant
799 754 836 819 et
855 742 919 821 seu
935 740 1225 845 posthabeantut

97 906 101 954 3
152 855 493 951 leucondonentur
512 869 549 930 et
561 854 780 951 addicantur
798 869 919 934 cetera
935 860 1080 950 omnia3
1107 868 1250 959 utque,
1304 902 1308 911 =

97 1023 107 1070 j.
152 996 347 1072 poenarum
390 983 428 1045 et
462 968 730 1070 suppliciorum
765 985 870 1049 metu
895 972 1159 1061 retundantur,
1196 968 1226 1051 u

97 1139 100 1183 ξ
154 1086 301 1163 naturali
326 1084 508 1161 libertatis
528 1080 633 1158 sensu
649 1083 758 1185 eretii
774 1084 844 1161 luis
862 1086 974 1163 rebus
984 1078 1035 1161 ‘et
1051 1083 1118 1186 ipb
1134 1108 1226 1163 con-

151 1200 259 1291 sulere
286 1198 448 1283 audent,
473 1197 541 1295 qui
554 1195 714 1294 imperio
731 1219 779 1273 ex
801 1197 885 1297 lege
903 1222 1050 1299 parere,
1080 1217 1160 1277 non
1177 1200 1227 1279 ad

148 1314 272 1391 ultima
298 1311 482 1391 seruitutis
497 1302 839 1411 ludibria'deprimi
857 1312 1003 1390 volunt.
1062 1310 1228 1391 Romani

146 1429 298 1530 quidem
330 1425 482 1505 alteram
510 1422 730 1511 hanoniam
757 1425 902 1523 ingreffi
928 1426 1030 1518 lunt,
1062 1441 1100 1503 et
1120 1426 1228 1510 coln-
1315 1414 1319 1422 ⁴

144 1546 225 1628 nias
236 1542 334 1618 iuris'
357 1537 578 1639 aequalitate
604 1538 767 1637 priuatas
787 1553 825 1617 et
847 1541 1126 1641 adpetentium
1153 1540 1225 1620 ob-

145 1658 268 1758 sequia
290 1653 449 1741 redactas
474 1651 547 1734 lide
571 1650 617 1728 ad
634 1653 810 1753 speciem,
840 1667 904 1733 aut
922 1668 962 1733 vt
975 1680 1104 1736 rerum
1123 1657 1228 1737 dica-

145 1794 249 1862 mus,
270 1764 380 1847 metu·
401 1768 594 1844 continere
607 1766 805 1846 maluere.-

256 1997 405 2085 Seilicet
426 1998 482 2076 ius
513 1997 672 2078 ciuitatis
699 1996 816 2076 verbo
841 1997 995 2099 quidem
1011 2022 1053 2101 ac
1069 2002 1229 2081 nomine

143 2116 354 2199 retinebant
373 2114 563 2202 coloniae,
593 2136 632 2189 re
648 2113 888 2199 amittebant,
915 2112 1042 2187 saltem
1060 2136 1138 2189 non
1157 2115 1231 2209 nili·

140 2215 351 2306 admodum
376 2230 617 2304 imminutum
635 2216 832 2301 habebant.
891 2223 990 2299 Nam
1006 2226 1086 2300 iure
1100 2226 1226 2305 suffra.

142 2345 201 2441 gii
226 2344 268 2417 in
297 2342 388 2415 vrbe
411 2338 556 2420 ferendi
580 2336 802 2413 excidebant
819 2337 939 2436 quiin
956 2337 1146 2417 coloniam
1161 2342 1226 2421 de-

141 2452 358 2535 ducendam
385 2447 559 2551 adscripti·
586 2461 690 2552 erant
727 2452 826 2530 ciues
850 2446 1031 2529 Romani:
1074 2480 1151 2533 nec·
1178 2458 1224 2535 iis

141 2569 276 2650 census
298 2558 443 2645 Romae
468 2575 562 2654 etat,
598 2586 668 2641 nec
681 2562 871 2666 honorum
887 2567 1135 2666 petendorum
1151 2575 1238 2664 ius,

140 2682 212 2762 nili
237 2685 277 2759 in
307 2680 467 2759 colonia.
539 2674 697 2757 Tributa
728 2681 1002 2779 imperabantur
1027 2707 1047 2759 a
1071 2684 1223 2777 Senatu,

140 2815 185 2875 vt
215 2811 253 2883 et
277 2794 433 2885 milites,
465 2797 559 2872 etin
576 2793 735 2901 coloniis
753 2797 945 2901 maritimis
964 2800 1093 2897 copiae
1112 2824 1226 2877 naua·

141 2913 210 2991 les.
258 2910 263 2915 ’
287 2908 371 2987 Nec
394 2906 604 3009 ipfisarma
625 2905 767 2983 sumere
794 2907 947 2999 licebat,
986 2934 1034 2985 ne
1055 2910 1224 2989 laceffltis

142 3025 301 3130 quidem
323 3023 449 3110 hostili
469 3024 622 3123 impetu.
688 3020 738 3098 At
753 3020 823 3097 suis
839 3026 949 3099 rebus
967 3021 1034 3121 ipsi
1049 3022 1236 3121 superetis

143 3153 340 3243 poterant,
377 3137 480 3236 leges
495 3135 561 3213 libi
577 3150 615 3213 et
631 3138 710 3212 iura
730 3135 906 3225 scribere,
934 3132 1006 3214 suis
1023 3134 1169 3233 legibus
1187 3140 1229 3217 in

145 3272 331 3335 nocentes
354 3252 667 3341 animaduertere3
703 3249 821 3325 modo
837 3272 885 3323 ne
901 3246 1072 3325 coloniae
1088 3247 1152 3329 lex
1168 3254 1239 3329 in.‘

144 3369 365 3449 tercederet.
384 3374 419 3459 c)
458 3363 557 3443 Nam
573 3366 614 3454 in
633 3358 760 3450 SCm,
790 3361 852 3439 seu
871 3360 1005 3461 populi
1021 3362 1124 3463 lege,
1153 3384 1228 3468 qua
1315 3440 1319 3445 .
1390 3330 1393 3337 Ἴ

145 3486 403 3563 deducebatur
426 3480 602 3567 colonia,
667 3480 746 3553 eius
771 3476 1009 3553 deducendae
1033 3484 1078 3554 et
1095 3484 1231 3560 consti.
1295 3552 1297 3557 ,

144 3597 313 3679 tuendae
329 3594 492 3694 formula
505 3606 582 3670 erat
598 3588 797 3693 propolta.
847 3587 1023 3671 Ceterum
1040 3592 1232 3697 relinque.
1301 3682 1303 3688 Ι

719 3697 804 3782 Fa
1088 3713 1232 3807 batur

213 3874 250 3959 c)
266 3866 355 3954 Ergo
374 3821 592 3954 quorsumn
614 3861 774 3929 vocubulis
805 3878 1040 3949 nuncupamur,
1068 3862 1234 3951 tasnatu-

271 3972 341 4023 cwm
357 3962 517 4019 eximam
541 3950 730 4023 ademtam,
753 3946 905 4013 inimum
926 3970 965 4011 ex
981 3958 1071 4029 parte
1088 3948 1233 4011 relietum

259 4036 346 4107 'tbrn
360 4042 428 4103 iure
440 4035 608 4123 Quiritium
616 4035 764 4117 prinum
787 4036 837 4095 seu
852 4034 935 4114 quod
951 4034 989 4095 ad
1004 4030 1114 4094 starum
1132 4031 1233 4109 priua·

272 4136 343 4189 tum
363 4122 533 4206 spemin.
559 4120 726 4189 connubii,
756 4122 871 4196 patriae
896 4114 1073 4197 potestatis,
1101 4112 1234 4209 ¹gentili·
1346 4146 1347 4153 κ

273 4212 350 4274 tatis
375 4215 410 4271 et
429 4202 626 4286 agnationis,
647 4198 782 4274 tutelae,
805 4197 937 4281 dominii
950 4192 1129 4273 Quinum,
1149 4194 1236 4261 elua-

274 4313 337 4380 que
352 4284 760 4375 acquirendi,·hereditntia
777 4290 863 4377 etc,
945 4296 947 4299 ·
1181 4321 1185 4333 .
1302 4324 1303 4335 ,
