2992 4992
436 364 444 383 b

238 434 345 460 ΙΛἿ
457 412 465 419 .
830 440 836 447 ·
976 453 993 465 ’Ἴ

285 464 343 551 ²4
525 473 565 507 s·
678 452 971 524 m
1058 471 1071 491 ν

840 558 844 574 1

240 612 508 731 'huminibus
535 664 579 724 at
614 636 783 729 sontibus
795 662 809 737 ;
853 660 953 750 quse
976 596 1364 738 amalochitarum

287 757 520 857 eandemque
550 752 719 857 habuisse
734 753 893 852 videtur
910 726 1076 849 'caussam
1091 766 1135 831 et
1156 755 1364 853 origiuem3

176 925 180 931 ι
236 876 242 883 ’
287 896 377 963 cum
402 871 518 948 modo
545 850 699 947 obscura
717 866 841 968 aliqua
859 867 1014 945 alicuius
1031 870 1106 959 rei,
1112 890 1241 967 quae
1259 883 1366 945 natu·

286 1009 366 1063 ram
385 985 461 1062 loci
477 982 697 1083 fingularern
708 984 984 1078 constitueret,
1001 984 1132 1073 notio,
1141 964 1369 1069 niodu'e
1290 982 1369 1114 ipse

220 1128 223 1139 ·
250 1088 705 1206 j'adspeous,s11uarum
733 1111 771 1175 et
796 1099 984 1175 montium
1002 1095 1185 1187 solitudo,
1213 1100 1367 1206 rupium

291 1228 331 1297 ot
341 1230 544 1305 antrorum
566 1214 718 1304 horror,
753 1184 985 1291 conuallium
1001 1214 1225 1301 amoenitas,
1250 1212 1367 1305 modo

291 1334 466 1439 antiquae
490 1330 674 1409 maiorum
707 1328 800 1405 sedis
825 1324 1054 1418 recordatio,
1095 1326 1190 1420 locis
1217 1326 1369 1425 religio·

195 1529 198 1537 ,
265 1467 383 1560 -nem
406 1444 555 1524 faceret.
621 1429 667 1519 In
691 1441 819 1519 multis
844 1437 1021 1519 Graeciae
1038 1424 1222 1544 partibus,
1254 1444 1370 1540 iupri·

160 1594 164 1599 ·
267 1648 270 1656 .
291 1540 364 1638 mis
380 1558 437 1647 iis,
469 1581 562 1657 quae
578 1571 701 1633 vetera
719 1556 881 1659 instituta
903 1568 940 1630 et
957 1557 1050 1634 ritus
1067 1556 1282 1654 diligentius
1300 1556 1354 1649 ser

199 1712 243 1741 .·
294 1656 446 1761 tarent,
490 1674 531 1747 vt
555 1674 651 1747 inter
670 1666 839 1775 Laconas
858 1654 1087 1775 etArgiuos,
1118 1671 1232 1771 prisca
1250 1669 1379 1771 Nym·

295 1785 490 1889 pharum
480 1788 651 1874 nomina,
690 1798 729 1861 vt
750 1780 805 1861 Ta
809 1763 954 1887 ygetes,
984 1782 1152 1887 Spartes,
1182 1808 1279 1884 quae
1297 1782 1370 1862 Eu·

294 1924 340 1977 ro
343 1912 399 1976 tae
343 1876 507 1975 tellet
533 1898 617 1989 filia,
629 1896 877 2000 Amymones,
887 1897 1058 2002 Nemees,
1068 1897 1181 1999 Asopi
1197 1899 1414 1992 filiarum,

247 2042 252 2049 ·
296 2026 339 2093 et
360 2012 408 2091 fic
433 2013 520 2102 alia,
558 2014 820 2100 audiebantur,
847 1998 1021 2113 equibus
1040 2014 1172 2091 heroes
1187 2014 1369 2113 indigetes

295 2103 481 2227 susceptos
504 2129 691 2238 ferebant3
721 2142 759 2203 at
779 2130 818 2205 in
836 2126 982 2227 reliqua
997 2126 1150 2208 Graecia
1169 2128 1370 2205 obscuratis
1414 2173 1416 2210 r

238 2259 243 2266 ·
293 2246 514 2328 nominibus
558 2246 716 2323 omnino
749 2239 862 2321 Genii
897 2241 1119 2344 locorum,
1158 2242 1413 2343 Nymphae,

290 2346 479 2469 Naiades,
506 2356 691 2450 Oreades,
721 2354 819 2438 Dii'
808 2354 973 2464 ιγχὲιριιι
992 2337 1287 2439 celebrabantur.

297 2560 310 2573 '⁸
410 2583 541 2674 Recte,
580 2582 742 2684 inquis,
768 2584 861 2661 haec
888 2584 1066 2693 disputata
1090 2583 1219 2680 suut03
1258 2530 1373 2665 Grae·

121 2724 123 2737 '
158 2800 161 2815 ,
270 2674 374 2803 ,tiae
393 2702 547 2775 numina
571 2712 654 2773 nata
673 2700 886 2799 putabimus
906 2703 1078 2799 partiare
1105 2701 1230 2801 priscis
1255 2698 1418 2790 Pelas·

294 2821 435 2915 gotum
465 2813 534 2889 diis
565 2813 806 2905 familiarum,
838 2817 982 2926 partim
1007 2839 1055 2893 ex
1079 2815 1148 2893 diis
1181 2816 1374 2911 lucorum;

293 2928 455 3029 plurima
482 2950 635 3028 quoque
653 2925 751 3004 esse
740 2942 918 3004 mnouata
936 2930 996 3007 seu
1014 2928 1200 3031 figmentis
1214 2932 1276 3010 seu
1292 2918 1418 3031 phi

291 3039 665 3147 losophematibus
654 3042 927 3121 nonnullorum
978 3050 1211 3136 acutiorum,
1293 3058 1418 3122 tum

166 3242 170 3249 ¹
294 3158 489 3247 institutis,
531 3156 613 3247 vsu,
651 3159 742 3245 vita,
773 3180 898 3235 rerum
915 3152 1211 3238 vicissitudinem
1229 3172 1376 3259 tempo-

222 3300 225 3307 ’
294 3296 379 3379 rum
404 3272 575 3350 decursu:
612 3271 711 3348 vnde
734 3284 858 3347 tamen
883 3272 979 3352 illud
995 3271 1154 3382 euenisse
1172 3273 1376 3353 dicendum

295 3388 384 3475 erit,
416 3402 456 3462 vt
469 3385 602 3464 Graeci
618 3383 738 3461 nullas
758 3383 915 3465 deorum
931 3384 1086 3475 formas,
1116 3404 1376 3489 praeterquam

225 3552 226 3557 =
293 3498 474 3579 humanas
506 3497 707 3577 haberent?
754 3497 929 3579 Habuere
964 3525 1052 3581 uero
1078 3502 1186 3596 alias3
1222 3516 1274 3580 et
1291 3503 1377 3603 plu·

290 3616 385 3695 rima
395 3610 524 3715 „passim
543 3614 847 3704 nremoratasunt,
863 3629 901 3692 et
916 3615 1037 3702 adhuc
1048 3613 1244 3698 Pausaniae
1257 3630 1375 3695 aetate

293 3750 362 3835 per
378 3727 572 3807 Graeciam
591 3730 682 3819 visa,
714 3728 815 3829 signa
831 3730 990 3807 deorum
1006 3731 1111 3807 rudia
1129 3746 1167 3809 et
1187 3731 1373 3823 informia,

292 3842 357 3921 seu
377 3842 483 3943 ligno
501 3843 562 3919 seu
580 3842 702 3943 lapide
724 3842 835 3933 fasta,
864 3846 982 3945 modo
1000 3844 1238 3923 columellam
1255 3846 1375 3923 modo

291 3958 421 4039 saxum
444 3959 530 4035 coni
550 3957 607 4034 vel
625 3960 711 4035 cubi
727 3958 847 4035 forma
855 3946 1068 4035 referentia.
1133 3958 1261 4037 Rudes
1278 3959 1375 4037 scili·

292 4087 355 4151 eet
374 4073 546 4151 homiues
573 4071 768 4151 deficiebat
791 4097 847 4150 ars
874 4072 1072 4149 meliorem
1089 4073 1248 4152 sormam
1267 4070 1374 4150 effin-

292 4184 425 4317 pendi:
470 4208 566 4297 quae
590 4208 708 4291 quum
733 4187 901 4289 primum
923 4188 1153 4267 incrementa
1169 4192 1268 4268 inter
1305 4210 1372 4265 eos

170 4292 175 4305 ’
1225 4298 1369 4395 habuit,
