2992 4992
957 418 965 441 ι

158 469 305 584 ΙἸ,
425 455 881 574 'tw⁸
1143 449 1231 557 η’

88 713 89 720 a
116 647 215 732 mala
233 657 276 724 et·
288 663 498 733 aerumnas,
515 655 668 722 namrae
683 641 861 723 ruinas'et
873 645 1017 727 extima
1030 645 1124 728 sassa
1139 652 1197 730 vis'

87 793 88 796 ‘
118 767 288 844 derentz·
314 760 509 854 obscurum
533 758 583 836 est
606 756 789 855 alterum,
822 762 925 862 quali
945 778 1097 856 natura,
1133 767 1195 844 in.

119 880 255 979 genio,
270 928 273 936 ,
290 877 344 962 vi,
378 873 564 974 pollentes
587 883 625 948 et
650 872 842 952 insttustos
872 898 939 953 eos
965 879 1193 977 putruerint

119 989 211 1071 Hoc
231 991 344 1090 igitur
365 991 404 1064 in
425 998 508 1064 toto
525 985 752 1086 hoo'genere
768 984 1030 1069 difficillimum
1053 989 1194 1072 esseut.

120 1107 256 1196 bitror,
296 1102 475 1186 anostris
497 1099 657 1204 sensibus
681 1116 873 1182 auocatam
890 1099 1057 1187 utentem
1068 1097 1194 1186 trans·
1302 1165 1311 1190 .

117 1221 212 1299 ferre
238 1217 285 1296 ad
310 1241 376 1296 eos
400 1212 540 1305 sensus,
579 1216 645 1313 qui
659 1213 857 1295 hominum
871 1218 1036 1318 ipsorum
1052 1219 1194 1298 fuerint

115 1336 164 1410 de
193 1333 332 1434 quibus
364 1327 505 1429 aliquid
530 1328 702 1417 traditur,
746 1329 869 1412 multo
897 1335 1038 1431 magis,
1079 1331 1196 1421 siant

111 1459 244 1534 aetas,‘
262 1473 265 1480 ¹
283 1468 357 1547 qua
383 1441 527 1532 vixere,
561 1445 745 1546 autricae
766 1467 888 1543 genus
912 1469 957 1550 ac
976 1446 1146 1525 conditio
1170 1471 1196 1534 a

110 1563 243 1642 nostra·
269 1561 345 1638 vita
382 1570 419 1636 et
450 1570 569 1648 aetate
589 1555 706 1636 .valde
726 1558 914 1659 discrepat
941 1574 979 1636 et
1000 1561 1190 1648 abhorret.

109 1676 231 1758 Sensu
245 1670 360 1759 animi
374 1672 493 1760 molli,
520 1674 674 1772 ingenio
692 1673 848 1751 versatili
866 1697 910 1754 ac
924 1673 1025 1752 sacili
1039 1689 1079 1752 et
1090 1675 1191 1774 saga·

109 1797 225 1871 citate
255 1812 352 1892 opus
374 1788 444 1882 est3
482 1788 527 1862 ab
542 1789 650 1865 omni
669 1787 849 1887 opinandi
864 1774 1069 1867 temeritate
1084 1803 1122 1866 et
1134 1813 1194 1870 at..

105 1906 285 2011 rogantia
294 1931 309 1993 ,·
352 1902 586 2008 tuendaeque
619 1903 810 2001 opinionis
843 1900 956 1982 semel
987 1919 1194 2004 conceptae

105 2020 326 2125 pertinacia,
338 2015 488 2093 alienus
502 2012 573 2092 esse
588 2013 711 2105 debet,
727 2017 794 2115 qui
804 2017 850 2092 in*
859 2016 1020 2094 aliorum
1034 2015 1192 2109 sensum,

105 2157 260 2216 motem
284 2130 475 2231 cogitandi
495 2145 533 2208 et
558 2127 760 2227 opinandi,
783 2141 976 2229 tamquam
993 2129 1195 2229 subrepere

102 2250 198 2331 nult
214 2261 252 2324 et
267 2245 302 2322 se
328 2243 524 2322 insinuare.
586 2300 590 2308 ι

234 2357 316 2434 Alia
347 2359 386 2432 in
423 2352 680 2452 comparandis
709 2351 921 2433 hominum,
937 2352 1071 2434 diuersi
1097 2355 1193 2438 caesi

103 2471 356 2571 diuersasque
391 2463 518 2546 aetatis
558 2468 745 2565 ingeniis,
806 2470 976 2546 moribus
1014 2484 1053 2549 et
1090 2471 1193 2548 insti·

107 2591 229 2676 tutis,
261 2582 376 2686 posita
407 2583 459 2660 est
487 2584 775 2672 commentatio,
822 2582 946 2660 multo
980 2585 1190 2664 minoribus

107 2699 397 2786 difficultatibus
444 2691 621 2794 obsepta,
693 2697 841 2776 minore
895 2716 1051 2798 quoque
1102 2723 1192 2778 acu.

106 2821 224 2899 mine
247 2835 290 2892 ac
316 2812 476 2890 sollertia
506 2809 700 2910 indigens,
738 2812 830 2887 dum
853 2831 935 2888 non
964 2811 1033 2890 nisi
1055 2813 1104 2890 ad
1135 2813 1193 2894 dt·

108 2929 236 3010 versas
271 2926 365 3006 caeli
397 2925 540 3025 solique
567 2939 732 3014 naturas,
776 2923 824 3000 ad
847 2925 979 3003 statum
1005 2927 1194 3005 conditio-

107 3065 283 3144 nemque
308 3045 401 3118 vitae
423 3054 460 3116 et
483 3039 648 3120 culturae
668 3037 838 3129 modum,
854 3055 894 3114 et
915 3038 962 3116 ad
982 3043 1194 3137 nimquam

105 3161 182 3242 illa
202 3158 249 3234 ad
269 3177 426 3254 corpora
440 3153 616 3230 assensus
633 3150 1054 3237 hominumhabent,est
1072 3166 1192 3228 arten·-
1280 3217 1285 3225 ,

105 3271 306 3360 demum,
323 3283 365 3344 ut
388 3267 592 3366 intelligas,
609 3271 649 3350 in
666 3266 775 3345 simili
789 3267 963 3344 locorum
978 3265 1195 3346 hominum·

105 3409 198 3490 que
212 3385 340 3462 babitu
355 3380 487 3459 ssmiles
503 3404 669 3490 quoque,
684 3381 811 3457 saltem
825 3379 926 3457 haud
943 3378 1107 3458 multum
1124 3381 1196 3459 dis·

107 3513 336 3600 crepantes,
372 3519 494 3572 mores
530 3501 578 3572 et'
600 3495 763 3573 instituta
793 3495 974 3583 obtinere.
1046 3493 1095 3576 Et
1109 3495 1196 3575 sunt

108 3612 277 3720 quidem
302 3611 440 3697 horum
463 3609 532 3685 alia
557 3612 596 3686 in
625 3613 721 3686 vitae
751 3599 1033 3688 necessitatibus
1050 3624 1124 3688 aut·
1137 3635 1196 3688 re·
1223 3636 1225 3641 ·

111 3755 206 3810 runt
224 3729 343 3830 copiis
360 3723 530 3827 parandis
543 3722 611 3800 seu
624 3721 791 3802 ftuendis
808 3738 997 3824 occupata,
1017 3709 1204 3826 quorsum

111 3845 247 3925 culats
270 3862 447 3942 quoque,
484 3860 571 3916 cura
615 3836 839 3938 habitusque
869 3841 1055 3940 corporis,
1091 3839 1198 3916 habi·

110 3961 235 4046 tatio,
250 3957 508 4042 instrumenta,
536 3951 700 4040 utensilia
720 3950 1006 4053 spontaneam
1026 3955 1068 4030 in
1090 3951 1199 4031 omni

112 4096 162 4153 re
179 4071 390 4158 domesticu,
420 4066 593 4150 ineundis
608 4068 865 4152 matrimoniis,
894 4067 1020 4145 liberis
1037 4067 1199 4144 educan-
1309 4089 1312 4098 ·

113 4188 191 4276 dib
208 4185 372 4284 negotiis
389 4181 572 4270 ciufflnus,
587 4181 779 4281 republica
794 4181 969 4280 regenda,
979 4177 1198 4282 spestnntun

184 4315 300 4422 Htpnii
319 4312 427 4403 Opust.
446 4311 533 4386 atos·
556 4307 628 4384 Vos.
646 4302 719 4390 III.
835 4291 869 4376 C
1100 4316 1198 4428 qm
1247 4293 1257 4349 ,·
1286 4330 1288 4337 .
