2992 4992
545 509 832 571 m
1177 522 1227 600 53

147 691 213 771 dur
236 688 433 795 abstinente,-
472 695 506 797 fi
529 704 636 775 tumen
652 700 810 798 reperiris,
861 696 1025 777 Romanis
1044 703 1116 805 fine
1137 726 1232 783 noxa

148 807 226 884 vila
234 807 409 887 reddunto.
473 808 643 911 Castellum
660 812 763 890 ulium
783 816 818 890 iu
837 810 963 890 Latino
987 834 1076 913 egro
1103 842 1143 894 rte
1170 840 1230 895 tx·

115 920 120 935 “
145 928 313 1025 struente.
372 921 414 999 Si
441 924 561 1027 insessis
583 931 685 1008 armis
709 940 833 1007 terrum
858 930 987 1033 ingreffi
1006 932 1151 1031 fuerim,
1189 932 1227 1010 in

151 1062 193 1115 eu
209 1065 248 1115 nr
252 1036 487 1139 ponctiano.

261 1231 442 1313 Accurate
460 1237 499 1311 in
521 1234 578 1315 his
604 1254 740 1315 caueot
762 1251 799 1315 et
824 1238 1026 1339 prouident
1047 1235 1222 1332 Romani,

140 1372 190 1425 ne
213 1345 335 1427 Poeni
358 1354 397 1426 in
422 1347 552 1442 Latio,
608 1356 705 1431 intra
735 1352 994 1456 Romanorum
1027 1353 1223 1445 ditionem,
1344 1418 1351 1432 .

139 1462 335 1541 confidere
356 1464 510 1566 poffint3
535 1466 745 1547 Mercatum
767 1484 890 1545 autem
914 1469 955 1545 in
979 1470 1033 1545 iis·
1049 1468 1143 1545 iocis
1169 1468 1246 1571 sag

139 1601 248 1665 cere,
272 1578 563 1671 forumhabere,
592 1586 870 1683 mariterraque
887 1584 995 1661 vrbes
1024 1584 1221 1673 circumire

139 1690 305 1771 liberum
322 1692 455 1791 Poenis
472 1696 648 1776 relidum.
708 1695 738 1775 E
758 1688 862 1775 sociis
883 1694 1025 1774 Latinis
1046 1700 1220 1774 nomina·

136 1808 208 1890 tim
227 1808 404 1907 appositi,
421 1814 487 1911 qui
506 1815 725 1890 maritimam
738 1836 842 1889 oram
857 1812 1082 1909 incolebant
1143 1808 1220 1889 Ex·

137 1934 261 1997 trema
281 1925 389 2000 verba
404 1948 450 2001 eo
477 1926 668 2017 reserenda
684 1927 787 2016 sunt,
818 1927 923 2027 quod
945 1927 1048 2025 saepe
1079 1925 1241 2003 sadum*
1297 1941 1315 1947 '⁴

136 2035 320 2135 legimus,
346 2050 391 2148 yt
405 2040 547 2117 iniuriis
563 2045 722 2143 acceptis
739 2040 876 2117 fiue‘in
898 2042 991 2119 mari
1016 2063 1037 2114 a
1058 2039 1219 2139 praedo-
1298 2056 1309 2069 ·

138 2150 280 2241 nibus,
312 2150 386 2245 siue
409 2154 449 2227 in
473 2166 588 2245 terra,
621 2157 683 2231 vel
706 2154 836 2230 fraude
863 2169 1051 2229 emtorum
1073 2164 1111 2225 et
1133 2150 1243 2227 insi-·

138 2265 237 2351 diis,
273 2263 335 2340 uel
351 2268 388 2339 vi
417 2250 570 2365 publica
594 2271 812 2365 priuatam,
850 2263 877 2338 fi
904 2262 1055 2361 publice
1083 2260 1219 2340 satisfa-

107 2392 112 2400 “
138 2374 246 2451 tium
261 2399 341 2453 non
358 2375 463 2467 esset,
497 2398 605 2475 agros
618 2377 899 2479 praedarentur:
936 2374 1012 2453 hoc
1036 2376 1151 2476 igitur
1175 2378 1222 2455 in
1336 2397 1344 2416 ·

137 2492 186 2569 iis
202 2486 300 2565 Latii
319 2493 445 2581 terris,
477 2514 571 2591 quae
587 2492 653 2570 sub
682 2491 939 2569 Romanorum
965 2492 1108 2568 ditione
1133 2514 1216 2570 non

138 2604 247 2695 sunt,
277 2605 446 2705 adeoque
463 2608 587 2715 necin
605 2607 796 2697 societate,
826 2607 946 2684 secere
967 2606 1055 2685 licet
1077 2604 1214 2687 Poenis
1324 2631 1332 2647 ‘

90 2752 91 2761 ¹
140 2716 349 2797 escensione
365 2719 481 2825 satia,
501 2721 618 2799 modo
637 2744 684 2797 ne
699 2721 782 2797 loca
804 2735 907 2821 capta
932 2721 999 2797 fibi
1030 2722 1217 2799 retineant

141 2848 205 2911 aut
219 2834 403 2934 praesidiis
424 2834 603 2935 impositis
620 2816 781 2937 pedem'
771 2860 810 2911 in
824 2833 932 2913 Latio
958 2834 1083 2937 figant
1151 2832 1216 2913 De

141 2942 252 3027 Latio
269 2961 412 3039 autem,
439 2972 510 3027 nec
523 2950 569 3027 de
583 2948 706 3041 Italia,
743 2965 987 3031 memoratur·
1023 2952 1112 3049 quia
1137 2946 1217 3025 Ro
1280 2949 1287 2963 ‘

142 3084 340 3145 manorum
368 3066 566 3163 imperium
593 3064 754 3165 angustis
787 3062 862 3141 illis
886 3064 1023 3159 finibus
1047 3083 1094 3142 eo
1121 3074 1218 3136 tem-

144 3200 236 3277 pore
262 3180 530 3257 continebatur.
554 3176 616 3279 z)
690 3177 794 3257 inter
815 3174 969 3253 Ladoos
992 3175 1112 3251 socios
1141 3174 1216 3250 iam

147 3306 226 3371 tum
246 3291 349 3373 suisse
368 3293 600 3371 nonnullos
590 3296 722 3393 miquo
737 3290 905 3378 foedere,
936 3290 986 3364 ita
1010 3301 1052 3364 vt
1073 3287 1139 3365 sub
1160 3288 1215 3365 di·

147 3409 249 3485 tione
273 3402 475 3508 essenta),
505 3432 593 3485 cum
607 3406 756 3485 aliunde
773 3429 851 3483 non
868 3402 1028 3495 constet
1066 3426 1114 3481 ex
1140 3404 1216 3543 hoe
1292 3492 1298 3501 .

144 3522 293 3601 foedere
322 3522 507 3655 discimus
678 3532 680 3537 '

250 3716 467 3799 Ceterum
455 3744 495 3796 rn
512 3742 559 3797 eo
577 3706 977 3806 foedere‘mirationem
998 3716 1118 3795 facere
1134 3712 1218 3815 pos·

151 3830 230 3911 sunt
247 3835 356 3912 haec:
386 3834 502 3935 quod
491 3862 559 3913 uon
578 3858 676 3937 ueque
682 3838 714 3941 s
702 3831 749 3913 br
766 3832 914 3911 Romani
929 3835 1160 3937 prospiciunt,
1184 3831 1220 3902 in

152 3948 432 4055 circumscribendo
453 3962 595 4033 mercatu
619 3950 830 4143 Porngum,
863 3950 921 4049 qui
942 3946 989 4026 ud
1010 3943 1121 4027 orbim
1145 3936 1218 4015 Ro*
1352 4051 1356 4057 1

783 4088 801 4161 3
1131 4076 1219 4131 mum

211 4252 258 4337 κ)
276 4260 312 4318 vt
325 4248 389 4335 ipse
403 4250 511 4338 Polyb.
525 4259 646 4321 monet
664 4270 700 4337 p
711 4228 784 4330 484

214 4363 261 4448 4)
280 4360 413 4449 ὑπήκοοι.
662 4384 667 4397 ·
