2992 4992
229 477 390 588 squ
726 434 1014 547 ...ε-...ὲ-

263 763 267 771 ,
331 675 532 775 ambigue,
552 722 557 731 -
576 672 764 774 sipiares
788 667 909 750 sensus
933 666 1028 751 area
1060 666 1180 749 sacile'
1195 665 1404 751 admittant

312 791 315 798 ’
335 812 433 893 quae
447 786 523 891 ipsa
538 784 596 866 res
613 785 822 873 scholarum
837 806 880 861 ac
894 795 1072 867 coetuum
1088 782 1346 878 necessitatem
1365 790 1410 867 illa

332 916 454 1001 aetate
479 902 598 980 facere
617 902 753 988 debuit
760 926 772 995 3
808 897 968 999 plurima
993 902 1094 978 enirn
1112 892 1164 978 'ex
1185 898 1410 1003 philosophi,

332 1018 400 1115 fua
436 1015 572 1119 placita
585 1014 899 1116 ,interpretantis
950 1037 1015 1092 ore
1049 1028 1154 1092 erant
1186 1018 1410 1115 accipienda,

321 1156 436 1237 ,quae
460 1130 541 1210 aliis
555 1124 602 1208 ab
615 1130 769 1218 iisdem,
795 1127 863 1227 qui
877 1142 1113 1231 acceperant,
1141 1127 1244 1229 quasi
1258 1154 1335 1231 per
1350 1157 1410 1208 ma·

338 1272 413 1340 nus
439 1245 697 1339 tradebanparr3
714 1245 788 1321 sita
809 1254 849 1317 vt
857 1240 873 1334 ,'
896 1265 976 1343 quo
993 1242 1097 1319 sensu
1114 1268 1156 1319 ea
1170 1241 1407 1344 intelligenda

339 1361 473 1453 client,
498 1355 587 1449 aron
611 1358 771 1453 ledioue
796 1358 912 1457 magis
938 1379 1051 1457 quam
1065 1356 1257 1457 auditiope
1276 1363 1407 1439 consta·

338 1490 407 1557 ret
467 1473 552 1553 Nec
576 1471 841 1563 dimittendum
869 1474 1017 1563 animo,
1054 1470 1159 1573 quod
1179 1472 1316 1552 eadem
1337 1476 1406 1576 phi-

89 1589 90 1592 ‘
195 1632 198 1635 ·
341 1587 566 1691 lolophandi
579 1589 673 1679 ratio
688 1589 795 1687 isque
809 1584 928 1664 sermo
941 1588 1099 1689 propius
1114 1586 1160 1665 ad
1176 1611 1262 1665 eum
1279 1580 1403 1665 sermo

275 1750 280 1762 κ
341 1726 451 1795 nem,
478 1724 557 1802 quo
573 1713 769 1792 tumentes,
784 1702 1173 1791 maximevtebantur,
1200 1704 1404 1781 accedebat:

225 1872 235 1881 ψ
343 1840 424 1920 quo
450 1814 530 1918 ipso
550 1838 683 1915 magna
696 1814 904 1892 subtilitatis
925 1839 1007 1917 pars
1030 1840 1110 1893 non
1130 1829 1206 1893 tam
1226 1816 1273 1893 ad
1291 1814 1410 1895 iudio‘i

341 1952 522 2039 acumen,
545 1954 660 2031 quam
680 1930 727 2008 ad
744 1931 885 2029 ingenii
900 1928 1100 2007 sollertiam
1113 1932 1404 2033 imaginandique

229 2060 234 2065 ’
342 2049 421 2127 vim
435 2044 587 2124 redibat
648 2036 694 2122 ln
710 2040 901 2122 Heraclito
916 2065 1006 2121 vcro
1023 2046 1135 2123 etiarn
1149 2045 1241 2123 haec
1257 2047 1403 2125 tenenda

100 2149 104 2160 ’
342 2163 445 2241 sunt:
477 2159 583 2262 quod
598 2162 631 2238 is
646 2158 837 2259 exprimis
855 2158 1190 2262 suitphilolophis,
1222 2164 1289 2260 qui
1306 2187 1326 2237 a
1343 2164 1404 2238 ca'r-

344 2279 448 2357 mine
478 2287 517 2353 et
545 2277 715 2353 oratione
742 2271 863 2351 vinda
886 2274 933 2352 ad
947 2272 1104 2351 solutam
1119 2266 1337 2375 prosamque
1354 2276 1404 2352 da

344 2391 500 2472 duceret
515 2388 806 2489 philosophiam3
836 2380 980 2490 quique
998 2390 1090 2468 adeo
1111 2389 1295 2467 laboraret
1310 2390 1403 2469 luita-

271 2548 301 2596 ,ι
344 2516 525 2602 teturque
548 2502 598 2577 in·
610 2502 751 2586 verbis,
782 2522 877 2601 quae
894 2526 973 2587 non
990 2502 1055 2581 nisr
1073 2505 1188 2582 inuita
1204 2503 1404 2582 sententian

138 2613 143 2624 '
345 2615 611 2717 sequebantur3
641 2614 758 2691 multa
778 2616 879 2694 idem
897 2640 946 2694 ex
961 2620 1110 2721 antiqua
1128 2620 1269 2697 ratione
1288 2622 1404 2698 retine·

313 2735 317 2753 “
345 2732 431 2819 bat,
466 2729 624 2829 poeticis
648 2728 793 2806 similia:
822 2742 863 2807 vt
881 2732 921 2807 in
937 2733 1112 2811 omnibus
1131 2736 1209 2812 eius
1226 2737 1351 2813 aetatis
1372 2730 1404 2809 ad

345 2843 543 2923 Platonem
565 2865 682 2943 vsque
708 2842 939 2947 philosophis
969 2847 1088 2925 multa
1112 2849 1244 2925 veteris
1272 2848 1404 2951 symbo-

214 3010 217 3013 <
346 2959 443 3037 linae
478 2957 664 3035 orationis
687 2982 754 3060 per
781 2960 931 3061 mythos
954 2976 992 3041 et
1014 2963 1197 3063 apologos
1232 2962 1405 3063 grassantis

346 3074 517 3174 vestigia,
570 3075 697 3174 tropis.
711 3087 750 3150 et
771 3074 959 3176 allegoriis
982 3079 1138 3169 variata,
1176 3078 1405 3179 deprehendi·

346 3214 442 3271 mus.
509 3184 588 3266 Iam
615 3202 741 3267 autem
764 3192 805 3266 in
830 3190 896 3269 tali
911 3194 1080 3271 oratione
1095 3192 1213 3270 multa
1228 3196 1409 3271 occurrere*

347 3301 490 3384 necelse
512 3302 582 3393 est,
620 3317 818 3384 acutorum
838 3304 1020 3411 didorum
1040 3306 1186 3397 similia,
1217 3306 1407 3407 eademque

315 3474 319 3481 -
347 3418 397 3498 ad
420 3416 740 3518 interpretandum
764 3417 945 3511 difficilia,
982 3420 1140 3501 ¹obscura
1165 3434 1215 3527 ετγ
1234 3422 1406 3522 ambigua,

348 3536 391 3610 in
416 3533 543 3632 primis
567 3554 655 3609 cum
679 3531 744 3611 illa
765 3536 1038 3637 interpretatio,
1069 3560 1163 3637 quae
1179 3534 1366 3637 discipulis
1381 3538 1408 3609 in

348 3644 484 3724 scholis
505 3644 638 3722 tradita
660 3647 751 3739 suit,
784 3674 863 3727 non
880 3651 926 3727 ab
943 3649 1001 3727 his
1015 3649 1099 3751 ipfis
1113 3648 1332 3751 perscripta,
1360 3646 1408 3726 sed

209 3798 214 3822 ·
346 3783 416 3863 per
438 3757 570 3835 seriora
603 3774 641 3838 et
666 3760 746 3839 aliis
771 3764 1008 3865 dogmatibus
1034 3767 1176 3845 imbuta
1197 3766 1347 3866 ingenia
1377 3758 1408 3839 al

349 3886 422 3955 nos
444 3871 488 3949 srt
507 3891 717 3975 propagata.
776 3874 987 3957 Paucilsrma
1004 3882 1129 3980 itaque
1150 3879 1235 3957 sunt
1251 3892 1408 3958 veterum

283 3991 286 4002 ’
347 3986 684 4091 philosophemata,
713 3992 928 4091 dequibus,
955 3994 1143 4073 nudorum
1160 4005 1327 4073 mentem
1342 3993 1408 4071 satis

230 4137 238 4155 ’
349 4126 422 4184 nos
436 4101 649 4205 perspicere,
674 4108 834 4213 pignore
850 4106 1041 4213 proposito
1059 4110 1285 4189 contendere
1299 4110 1408 4189 liceat

159 4214 162 4219 ’
298 4278 305 4285 .
346 4216 507 4323 Neque,
544 4214 817 4344 fiscn'ptoruru
843 4246 923 4303 non
947 4222 1063 4319 ruodo
1080 4227 1408 4413 grammaticornsud.

1137 4397 1140 4405 .
1215 4368 1218 4377 ’
1372 4360 1387 4413 C
