2992 4992
286 486 345 564 ‘26
676 482 970 549 ξ

283 678 367 758 mo
392 664 590 775 opinionei
613 664 1176 764 mtnn·enellerent,··onnnns
1191 668 1285 756 titur
1301 668 1366 780 μ’.

285 793 379 870 trion
402 790 616 881 abolerent,
650 794 842 866 maiorum
865 789 1118 867 audoritatem
1139 790 1363 885 desererent,

282 906 450 987 instituta
476 908 671 1000 eierarent;
705 905 807 983 haud
821 902 950 1005 paullo
966 903 1111 981 liciliua
1125 928 1190 983 eae
1211 908 1363 1008 religio-

214 1036 216 1044 '
282 1040 353 1101 nea
379 1023 420 1097 in
447 1024 602 1099 animoe
616 1020 816 1099 hominurn
842 1018 1088 1097 illabehantur
1108 1034 1149 1097 et
1172 1020 1208 1098 le
1224 1020 1362 1101 inlinu-

280 1137 417 1225 nbtmt,
456 1158 570 1236 quam
591 1159 698 1213 nunc·
711 1134 833 1213 nostra
856 1132 1010 1213 landior
1024 1134 1190 1212 dodrina
1206 1150 1244 1213 et
1261 1140 1359 1215 insti-

282 1252 413 1347 tutio,
430 1274 450 1329 a
466 1250 594 1339 sensu,
619 1254 800 1351 ingenio,
828 1250 1041 1327 animorum
1061 1253 1120 1339 ri,
1147 1250 1358 1352 intelligen-
1404 1289 1408 1300 ·

279 1368 360 1455 ria,
390 1390 513 1455 more,
546 1367 629 1451 virt,
660 1381 792 1441 natura
811 1364 906 1443 adeo
921 1387 963 1439 ao
978 1363 1089 1442 coelo
1104 1366 1354 1460 barbarorum,

231 1566 238 1585 Ι
277 1504 381 1579 quos
404 1481 572 1589 adimus,
610 1474 839 1571 alienilfima3
878 1490 927 1553 ex
949 1501 1024 1579 qua
1049 1477 1182 1581 liquid
1197 1494 1356 1583 autper-

138 1626 147 1647 κ
278 1596 428 1694 cipiunt
452 1608 517 1699 aut
546 1596 725 1673 memoria
751 1594 914 1670 retinent
940 1594 1103 1681 barbari,
1141 1595 1251 1672 rudes
1274 1602 1354 1697 qui·

281 1708 368 1787 dem
387 1732 457 1787 nec
475 1709 554 1785 aliis
573 1706 772 1785 artibueae
793 1706 967 1787 doctrinis
982 1710 1137 1799 imbuti,
1165 1709 1262 1787 nihil
1279 1716 1352 1792 lert

188 1866 190 1871 ·
279 1822 380 1905 eliud
400 1824 445 1905 ,id
474 1814 543 1901 elle
575 1838 744 1922 apparet,
776 1846 897 1925 quam
918 1827 1030 1901 ritum
1054 1822 1217 1924 aliquem
1229 1824 1353 1927 super·

220 1994 224 2007 „
278 1936 455 2029 stitioium
484 1960 571 2015 cunr
592 1939 712 2040 prisca
736 1962 779 2015 ac
802 1942 919 2040 patria
938 1938 1194 2041 superstitione
1222 1942 1352 2020 coniu-

114 2036 118 2051 ’
216 2044 219 2053 ⁴
278 2050 368 2135 sunl.
427 2050 560 2153 ltaque
582 2068 726 2131 mature
755 2054 926 2131 coaluere
945 2068 1089 2131 veteres
1105 2054 1191 2131 illae
1204 2054 1352 2154 religio-

233 2176 253 2273 s
277 2158 351 2258 nea
372 2160 458 2246 cunr
483 2170 594 2248 nouis
614 2184 667 2245 et·
680 2169 911 2259 aduentitiis,
939 2167 1085 2247 aliieen
1101 2166 1158 2246 iris
1180 2174 1348 2271 acceptio

145 2282 148 2301 ¹
278 2282 360 2369 aliis
375 2284 503 2383 spretis
513 2266 562 2362 'ac
579 2284 827 2384 posthabitis.··
862 2282 912 2366 At
928 2288 1066 2362 rituum
1086 2282 1237 2362 illorum
1251 2286 1349 2363 caus·

275 2395 336 2475 sae
356 2413 518 2477 narratae
544 2424 564 2474 a
590 2402 792 2476 maioribus
816 2403 908 2478 mira
933 2401 1106 2475 varietate
1122 2398 1168 2475 ad
1185 2398 1347 2500 posteros

274 2524 542 2613 peruenerant:
572 2504 788 2589 coniunthae
808 2538 894 2591 cum
912 2517 956 2587 iis
966 2516 1346 2592 commemorationes

275 2627 483 2715 maiormn,
531 2626 728 2724 gentisque
751 2649 795 2703 ac
821 2626 980 2724 stirpis,
999 2625 1171 2704 fortunae
1180 2652 1191 2724 3
1232 2629 1348 2709 multe

191 2811 193 2817 ,
272 2750 411 2829 attam,
462 2738 579 2817 multa
602 2738 809 2818 multorum
832 2742 1026 2822 iteratione
1065 2742 1347 2846 achequenta·

114 2937 123 2952 s
188 2942 189 2947 Ν
272 2856 395 2944 tione,
417 2854 558 2933 «auctae
586 2877 717 2931 omnes
751 2856 789 2929 in
821 2858 940 2932 maius
964 2878 1088 2934 rerum
1112 2857 1343 2937 miraculum.

102 2952 115 2971 “
270 2960 532 3059 Extiteretum
549 2982 666 3055 vates,
695 2972 763 3069 qui
779 2970 969 3068 religiosos
983 2970 1053 3048 hos
1069 2971 1231 3073 mythos,
1249 2976 1347 3051 varie
1413 3025 1414 3034 κ

270 3086 445 3165 confusor
470 3107 511 3162 ac
537 3086 695 3172 mixtos,
726 3084 887 3163 fundum
901 3086 984 3164 suae
1002 3089 1166 3187 poetices
1187 3102 1224 3163 et
1239 3110 1348 3187 argu·
1413 3085 1414 3136 i

269 3217 441 3281 mentum
470 3201 676 3281 carminum
704 3198 884 3290 facerent,
920 3199 1049 3303 ‘iisque
1073 3200 1166 3279 adeo
1185 3197 1346 3281 'suauita-

269 3328 372 3405 tem,
418 3315 658 3414 elegantiam,
705 3316 851 3413 copiam
887 3318 1174 3416 varietatemque
1211 3318 1344 3397 miram

267 3428 510 3510 effunderent.
586 3426 704 3507 Iidem
740 3443 839 3506 vates
870 3432 914 3509 iis
940 3433 1065 3507 vixere
1096 3433 1341 3534 temporibus,
1413 3457 1414 3520 ,

267 3546 404 3643 quibus
423 3547 517 3625 vitae
533 3540 668 3644 priscae
685 3544 834 3645 vestigia
851 3545 1012 3623 necdum
1031 3548 1157 3623 omnia
1182 3568 1343 3623 euanue·
1413 3539 1414 3558 ¹

264 3675 366 3745 rant,
411 3656 667 3763 philosophiae
689 3671 813 3738 tamen
836 3660 1060 3739 incunabula
1090 3660 1212 3762 aliqua
1238 3674 1343 3739 erant

265 3774 483 3864 constituta,
528 3773 647 3852 sermo
677 3788 802 3851 autem
836 3774 1007 3850 nondum
1027 3772 1089 3853 ad
1108 3774 1340 3856 subtiliorem

141 3910 144 3917 ’
245 3894 446 3971 ιῐαῑίοηοιη
465 3886 703 3989 compofitus,
733 3913 812 3987 noo
827 3902 903 3993 tam
922 3888 1007 3965 falla
1025 3889 1203 3988 fingendi,
1226 3914 1342 3992 quam

159 4094 162 4103 ,
262 4026 367 4097 vera,
387 4048 389 4057 ‚
406 4019 470 4083 aut
495 4028 564 4105 pro
586 4004 680 4079 veris
706 4017 874 4103 accepta,
907 4028 1031 4081 rerum
1061 4005 1341 4107 verborumque

261 4116 447 4218 figmentis
476 4116 701 4207 exornandi,
737 4118 925 4195 licentiam
950 4143 1028 4195 non
1054 4119 1171 4197 modo
1186 4122 1341 4219 praebe·

263 4234 342 4327 bat,
373 4238 559 4321 sedetiam
576 4232 797 4334 requirebat.
860 4232 969 4331 Quae
987 4233 1238 4342 omnianullis
1256 4235 1340 4312 aliie

585 4371 587 4383 ·
745 4372 758 4388 “’
1176 4349 1341 4427 barbarie
