2992 4992
224 653 226 661 '
292 678 330 743 et
359 660 480 755 vlum3
527 682 570 737 ιι
601 620 796 749 curamus,
846 680 941 759 quae
975 680 1018 735 ea
1053 656 1189 757 dngua
1219 654 1272 735 ali
1305 658 1379 733 viri

157 870 159 876 Α
266 778 440 863 ¹summi
432 772 633 884 scrip-lere
673 772 803 873 scripta
822 774 1023 873 posteritati
1046 769 1249 873 ιιιιιιιιιιιιΙ
1291 768 1379 849 Hu-

257 949 261 957 .
293 894 351 969 ius
374 870 498 987 itaque
520 887 670 985 linguae
697 880 818 965 studio
844 884 975 964 omisso
999 901 1036 963 et
1057 880 1251 985 negletio,
1289 884 1383 960 nul-'-

228 1042 233 1053 ι
292 1004 408 1103 loque
434 1003 611 1093 sermonis
630 1000 727 1078 dotis
749 1000 813 1078 vsu
830 996 977 1101 parato,
1014 1024 1064 1078 ne
1081 1000 1198 1085 libros
1215 997 1379 1099 quidem

167 1196 170 1206 ,
272 1212 277 1223 ,
293 1116 340 1195 de
367 1114 592 1229 discipliuae
598 1112 681 1193 suae
699 1115 914 1228 grauisfimis
929 1110 1111 1214 capitibus
1130 1114 1244 1195 latine
1257 1112 1411 1213 scrip·

292 1244 357 1309 tos
380 1228 503 1328 legere
527 1210 676 1331 poliunt
697 1229 832 1332 multi,
864 1244 929 1307 aut
949 1221 1254 1311 letiionealatine
1268 1225 1378 1303 habi·

267 1402 271 1409 ,
294 1358 349 1423 tas
366 1341 519 1447 allaqui3
549 1342 663 1458 quid?
691 1344 824 1450 quod
821 1343 967 1422 nesuae
984 1344 1135 1443 quidem
1147 1340 1411 1422 vernaculae

154 1516 157 1530 ,
204 1462 210 1475 ’
278 1459 400 1540 alum
432 1458 539 1535 facile
563 1446 774 1557 consequi
766 1457 886 1534 solent
911 1456 1001 1533 latis
1020 1458 1157 1535 castum
1180 1470 1224 1533 ιι
1245 1452 1374 1531 elabo-

163 1614 166 1623 ι
222 1562 226 1569 ’
255 1574 260 1587 “
298 1588 419 1659 ratum
444 1586 481 1649 ιι
503 1570 549 1647 ad
570 1552 845 1675 grammaticam
863 1570 1100 1653 subtilitatem
1117 1571 1369 1650 coustitutum.

298 1677 403 1767 Haec
439 1708 482 1761 ac
514 1684 633 1761 multa
661 1684 729 1761 alia
757 1684 939 1789 peripedia
967 1695 1054 1764 cunr
1078 1684 1238 1764 haberet
1262 1682 1373 1781 Regis

155 1890 162 1919 .
199 1822 202 1829 ’
266 1798 268 1803 ’
299 1796 533 1911 augustissimi
552 1796 743 1897 sapientia:
775 1812 820 1876 ιι
841 1798 1018 1894 sermonis
1037 1798 1160 1907 Latini
1176 1799 1301 1876 honos
1316 1796 1374 1871 fir

257 1924 266 1982 ]
299 1926 479 2005 ιιι,ιιιιιιι
518 1926 555 1988 ιι
586 1914 811 2003 barbaries,
806 1936 917 2013 quae
946 1918 1017 1993 iam
1044 1930 1225 2013 tanquam
1246 1905 1373 1994 ιοιιιι-Ι

177 2082 179 2108 2
299 2028 428 2128 gione
431 2026 589 2127 aliqua
598 2022 743 2127 grassum
782 2032 930 2127 coepit,
975 2030 1257 2127 reprimeretur,
1302 2022 1371 2101 Re·

301 2144 361 2239 gia
388 2142 600 2225 auctoritate
616 2140 762 2239 sanxit,
795 2155 836 2219 ιι
858 2141 971 2219 latine
993 2142 1207 2243 scriptiones
1225 2161 1375 2219 exaret-¹
1410 2171 1411 2176 ¹

191 2249 237 2375 ,¹¹
298 2268 381 2345 tur,
419 2278 514 2356 quae
541 2256 795 2338 moereamus
821 2257 1033 2357 proditurae
1057 2256 1136 2333 fin't.

253 2576 255 2580 ,
305 2576 310 2589 ,
413 2480 573 2567 Eaedem
590 2488 658 2567 hie
678 2493 1031 2581 commentationes,
1065 2513 1159 2593 quae
1185 2489 1233 2567 ad
1262 2503 1370 2575 certa·

85 2650 87 2659 ,
227 2666 247 2682 .,
300 2594 388 2680 men
416 2603 568 2680 admitti
602 2604 751 2695 volent,
798 2608 838 2681 in
875 2608 1063 2706 posterum
1099 2630 1147 2682 ex
1177 2606 1262 2705 lege
1291 2616 1371 2680 aute

148 2771 151 2781 «
192 2758 196 2766 ,
299 2714 484 2795 Kalendas
508 2716 672 2809 Martias,
708 2711 853 2819 Apriles
890 2721 1027 2809 saltem,
1068 2720 1233 2821 redditae
1253 2717 1368 2795 sunto.

301 2818 500 2907 Curabitur
528 2846 650 2931 auteur
663 2832 726 2912 ab
752 2834 980 2947 notioribus,
1020 2849 1060 2910 ιι
1085 2833 1327 2935 ipsrlateant
1315 2856 1369 2908 ιιι-

211 2986 227 3007 ·-
294 2936 401 3021 dices
417 2943 525 3023 suos.
562 2948 729 3027 urittent
733 2937 848 3048 igitur
870 2950 915 3029 ad
942 2947 1212 3037 Prorettorem,
1246 2945 1305 3022 ael
1326 2944 1370 3022 ad

300 3053 517 3150 Batauum,
543 3072 606 3137 aut
623 3059 649 3137 sr
667 3066 751 3161 quis
767 3064 900 3153 malit
914 3063 968 3139 ad
978 3086 1243 3171 quemcunque
1258 3055 1411 3137 auum
1410 3111 1411 3156 q

264 3250 266 3259 ,
297 3168 540 3253 Prosefforeor
563 3177 642 3255 cius
665 3174 839 3268 Ordinis,
863 3179 911 3257 ad
925 3199 1039 3279 quem
1053 3176 1247 3290 quaelibet
1261 3198 1411 3277 quac

265 3352 270 3359 .
296 3285 365 3364 stio
379 3286 530 3419 spetiat,
560 3288 732 3371 libellum
746 3290 853 3371 suum
877 3294 977 3369 bene·
991 3282 1237 3391 obsignatum,
1264 3288 1411 3367 nullo

152 3393 181 3489 fl
283 3405 451 3499 'nomine
480 3402 667 3509 apposito,
693 3406 822 3484 nullo
854 3406 911 3485 sui
931 3405 1091 3510 indicio,
1134 3406 1286 3505 vestigio
1308 3405 1411 3481 ιιι
1410 3437 1411 3510 ι

132 3604 137 3615 ‚
205 3569 208 3578 ι
297 3512 500 3614 suspicione
541 3518 689 3610 insessa,
737 3543 866 3621 verum
907 3518 1148 3622 perscripto
1141 3523 1294 3597 nomine
1330 3520 1369 3595 in
1410 3565 1411 3638 q

118 3723 121 3734 .
182 3698 185 3706 .
276 3624 468 3707 'schedula
498 3629 705 3734 obsignata,
742 3635 805 3713 cui
832 3634 971 3716 diuum
991 3633 1144 3735 aliquod
1169 3633 1234 3711 vel
1251 3632 1411 3712 versus

221 3788 223 3793 ,
253 3748 258 3770 ‘
295 3739 489 3967 qnietiptus
519 3746 583 3843 fit,
621 3751 695 3851 qui
714 3750 855 3859 idern
843 3771 884 3829 ιιι
907 3749 1231 3864 commentationis
1247 3748 1411 3826 fronte

180 3910 184 3917 -
314 3874 451 3957 egatus.
1410 3881 1411 3896 ¹

295 4148 299 4155 .
406 4075 506 4157 Cum
535 4076 604 4157 hac
629 4082 687 4159 via
713 4104 758 4161 ac
785 4083 929 4161 ratione
946 4095 1094 4196 cautum
1113 4014 1182 4161 else
1200 4031 1411 4186 uelimus}

145 4262 151 4271 ,
202 4234 337 4337 „¹
291 4210 341 4267 ne
364 4192 438 4272 vlla
459 4176 615 4297 suspicio
638 4195 770 4277 locum
794 4198 948 4293 habeat,
986 4191 1031 4280 ac
1054 4198 1139 4280 liin
1155 4191 1411 4299 gratiamac

1162 4310 1357 4396 studium
