2992 4992
478 498 800 577 ...fi-...-
911 529 976 577 ·'
1112 542 1219 621 αις.

114 682 263 788 maniae
286 670 497 790 Academias
518 708 661 791 litterae
685 722 828 792 noxam
849 711 938 793 inde
951 675 1027 794 'aii
1049 715 1207 801 illatam-
1269 798 1277 809 ,

111 824 296 915 sentiunt,
341 826 445 927 quod
476 801 669 907 inoustrlae
703 843 741 905 et
768 828 877 909 studii
908 830 1010 907 calor
1033 835 1192 925 refrixit,
1317 883 1320 899 ·

112 942 275 1015 maxime
301 939 507 1017 dotliorum
523 940 747 1033 litterarum,
777 964 872 1041 quae
884 943 1051 1022 letlionis
1071 950 1215 1026 variae‘

113 1038 205 1150 opes'
228 1054 424 1153 suggerere
447 1066 485 1128 et
507 1053 648 1131 infinita
673 1074 721 1130 ex
747 1058 964 1157 antiquitate
982 1053 1135 1137 subsidia
1151 1078 1192 1139 et
1211 1126 1219 1140 ,

112 1167 336 1244 adminicula
362 1164 593 1265 suppeditare
618 1181 792 1268 poterant
806 1190 848 1245 ac
864 1170 1059 1248 debebant
1090 1170 1191 1271 Cum

110 1302 198 1355 non
222 1303 357 1358 omnes
377 1280 521 1355 litterae
543 1282 644 1359 intra
670 1280 1006 1384 mathematicorum
1030 1308 1072 1363 ae
1094 1286 1191 1389 phy·
1287 1320 1294 1327 ·

108 1386 264 1471 sicarum
284 1388 555 1493 disciplinarum
573 1392 665 1472 fines
684 1392 843 1472 inclusae
857 1394 946 1491 sint3
979 1420 1074 1498 quae
1090 1400 1191 1480 sorte

109 1506 325 1608 disciplinae
357 1502 517 1609 antiquis
551 1506 683 1587 litteris
716 1533 838 1586 carere
863 1456 1032 1615 pollunt,
1066 1510 1189 1591 sioll
1232 1576 1239 1590 .

109 1624 300 1721 quaeritur
320 1642 430 1722 qoam
448 1623 551 1725 quod
567 1624 687 1701 nostra
704 1636 799 1704 actea
816 1623 1060 1703 dehiscebat
1078 1646 1188 1704 com·
1289 1632 1326 1683 '³'

108 1749 274 1812 mentata
296 1736 364 1812 eli:
400 1741 446 1813 at
460 1736 623 1839 reliquae
650 1735 860 1838 disciplinae
883 1731 1016 1816 litteris
1041 1742 1187 1843 graecia

107 1846 304 1950 latinisque
336 1871 457 1928 catere
480 1874 558 1930 non
582 1849 750 1950 possunt3
789 1852 1040 1929 ex'libtorum
1062 1855 1185 1960 sacro-

106 1977 186 2040 rum
224 1962 428 2071 legumque
462 1966 765 2063 interpretatione
794 1985 948 2063 magnae
978 1970 1185 2066 magnique
1297 2008 1302 2017 ·

108 2080 289 2157 momenti
310 2077 520 2179 disciplinae
545 2079 728 2177 pendent3
768 2077 852 2153 sunt
879 2090 1001 2153 autem
1021 2078 1076 2154 illi
1091 2079 1185 2156 libri

107 2192 260 2291 antiquo
286 2190 453 2290 sermone
470 2193 614 2291 scripti,
645 2213 735 2277 nec,
761 2189 827 2268 nili
844 2192 1096 2289 grammaticas
1115 2211 1182 2269 co·

107 2304 178 2399 pias
212 2306 360 2399 afferas,
406 2305 501 2383 reite
522 2302 684 2401 intelligi
705 2300 886 2402 pollunt;‚
911 2318 1096 2402 praeterea
1122 2302 1182 2379 hi·

108 2415 231 2495 sturiae
258 2436 490 2497 cumrerum
507 2419 710 2519 gestarum,
751 2431 830 2493 tum
848 2417 1004 2519 ipsarum
1019 2414 1180 2518 discipli·

108 2550 254 2621 natum,
278 2623 281 2632 Ι
297 2534 490 2633 quomodo
507 2532 583 2609 line
607 2544 774 2617 veterum
786 2530 1003 2633 scriptorum
1018 2530 1179 2609 letiione

109 2664 188 2723 cum
219 2646 293 2723 fide
322 2646 417 2724 tradi
439 2644 611 2747 possunt?
650 2644 754 2744 quod
778 2667 866 2722 vero
891 2647 945 2722 rei
969 2664 1036 2722 arx
1055 2658 1096 2739 et
1116 2666 1178 2724 ca-

110 2773 171 2853 put
196 2761 266 2851 est,
304 2760 464 2838 liberalis
492 2762 614 2861 aliqua
638 2758 835 2851 institutio,
884 2783 957 2863 qua
979 2760 1173 2851 iudicium,
1272 2821 1278 2839 .

111 2872 286 2965 gustus-'et
310 2897 413 2952 amor
435 2874 581 2976 pulchri
602 2896 645 2950 ac
655 2874 743 2955 ‘veri
769 2873 1022 2963 luctatione,
1062 2873 1176 2974 scrip·
1265 2920 1275 2928 -

110 2982 221 3083 ione,
270 2991 311 3069 in
347 2990 484 3066 artibus
515 2990 945 3088 artiumque-operibus,
980 2984 1081 3066 -vnde
1109 3003 1176 3085 pe·
1266 2986 1271 2993 ’

110 3076 210 3179 tenda
235 3105 325 3194 erit,
362 3102 429 3179 nisa
456 3124 503 3179 ex
519 3094 687 3181 letilone
692 3099 1075 3201 praeliantiffimorum
1092 3118 1174 3173 om·
1246 3133 1254 3180 ι

111 3211 160 3286 ais
176 3220 299 3294 aetatis
313 3216 561 3319 scriptorum?
580 3216 636 3293 Ad
652 3216 775 3291 hanc
765 3215 879 3311 igitur
896 3226 1038 3287 mature
1053 3208 1173 3285 insot

112 3330 232 3407 nanda
258 3330 378 3409 suot
368 3336 517 3431 ingenia
541 3329 672 3406 nostra
729 3323 885 3401 Peliimo
909 3320 1174 3400 erroreserun·
1197 3349 1202 3378 ι

112 3444 180 3529 tur,
220 3447 289 3545 qui
317 3466 430 3522 omne
453 3446 526 3523 hoc
549 3440 742 3520 studium
732 3458 770 3512 m
794 3437 922 3541 lingua
950 3432 1080 3513 Latina
1106 3452 1187 3535 pet,
1283 3507 1285 3515 ι

113 3547 142 3625 se
171 3554 385 3665 addiscenda
412 3558 575 3659 positum
604 3548 688 3631 esse
701 3552 853 3629 volunt:
901 3555 978 3629 non
1002 3550 1174 3650 linguam

114 3682 292 3783 curamus3
352 3670 415 3751 etsi
453 3673 581 3771 lingua
609 3668 660 3746 est
690 3666 934 3765 grammaticis
966 3664 1174 3743 rationibus
1301 3745 1305 3758 ,

115 3774 242 3877 optime
268 3786 522 3889 superstrata,
554 3781 718 3886 expolita
744 3787 782 3860 et
806 3779 1004 3911 disciplinis
1026 3776 1174 3874 traden-

117 3888 165 3969 dis
186 3902 480 3994 accommodata3
527 3900 587 3979 sed
611 3920 671 3985 ea,
706 3918 801 3997 quae
827 3874 904 3971 ciris
930 3893 1081 3991 ling-uae¹
1107 3890 1174 3969 be·

117 4008 236 4091 reficio
252 4015 427 4115 consequi
446 4014 553 4103 licet,
582 4010 840 4113 grammaticae
853 4006 1031 4109 ρειῖιθιιε
1048 4000 1175 4082 exun-
1242 4086 1245 4091 ,

117 4116 212 4213 llum
240 4126 286 4205 ad
315 4125 420 4228 quod
452 4128 540 4204 alias
566 4122 713 4227 linguas
746 4140 957 4222 comparare
987 4114 1175 4219 pollimus,

117 4224 246 4333 logicae
271 4244 392 4321 bonae
413 4256 451 4319 et
467 4238 779 4342 interpretationis
804 4234 958 4315 callidae
981 4240 1178 4335 praecepti
1214 4261 1219 4276 ¹

168 4362 397 4462 HisillOPiist
413 4374 503 4445 acad.
525 4372 594 4442 Vol.
609 4371 741 4441 ΙΙΙ.
799 4345 828 4429 Ρ
1139 4352 1178 4424 et
