2992 4992
496 508 790 550 'm
1096 506 1181 605 223·
1199 488 1204 496 ’

105 834 222 913 eum,
259 810 305 885 ad
325 832 456 907 quem,
489 814 612 891 aetatis
634 815 673 887 in
696 835 771 886 vno
794 834 945 909 quoque
966 816 1097 893 ordine
1118 818 1183 896 ha·
1261 850 1264 855 ·
1347 812 1355 833 “

104 925 189 1000 bita
214 926 377 1012 maone,
412 926 547 999 muniis
574 929 618 1013 in,
636 929 766 1001 orbem
792 925 1048 1018 redeuntibus,
1082 934 1181 1009 vices
1281 959 1284 966 ·

105 1026 200 1115 'illae
220 1032 656 1137 peruenerint‚‚Decani
682 1054 804 1115 tamen
830 1061 936 1128 cura,
970 1040 1182 1122 autoritate
1212 1123 1216 1137 ,
1323 1046 1329 1056 ’

110 1163 150 1227 et
181 1150 365 1251 auspiciis.
429 1146 570 1235 Facile,
610 1140 718 1226 nobis
743 1151 803 1225 vel
830 1174 907 1225 non
930 1156 1211 1247 nionentibue‘

107 1262 378 1363 assequimini,v
415 1258 721 1351 Commilitones,
757 1262 926 1341 dilectum
949 1265 1117 1345 habitum
1136 1270 1186 1347 ιιι

106 1378 359 1478 problematis
389 1366 509 1463 hunc,
552 1389 593 1451 vt
614 1388 661 1473 en·
681 1378 746 1464 iis,
784 1398 880 1475 quae
904 1372 1186 1459 iniectionibus

108 1493 153 1568 ad
179 1489 406 1598 tradendam
424 1488 662 1587 disciplinam
680 1490 814 1566 habitis
835 1480 1028 1569 occurrere
1049 1495 1108 1571 vel
1130 1508 1185 1572 at-

106 1609 208 1705 tingi
237 1602 375 1693 solent,
399 1618 535 1702 -caput
563 1602 622 1679 vel
653 1603 760 1682 locus
782 1604 911 1703 paullb
927 1608 1083 1706 grauior
1103 1608 1186 1687 seli-
1252 1612 1259 1629 ‘

108 1736 241 1819 gatur,
291 1714 413 1795 vestris
432 1718 566 1805 annis,
613 1717 757 1807 studiis,
806 1721 943 1797 viribus
973 1743 1187 1803 accommoa
1281 1783 1285 1795 .

109 1834 217 1922 date,
265 1831 317 1907 ita
338 1831 498 1931 quidem
527 1839 567 1915 it
593 1852 677 1907 cum
700 1832 871 1929 diligenti
890 1834 1066 1925 lectione,
1085 1850 1186 1915 tum
1234 1875 1263 1925 ι

109 1944 374 2025 meditatione
384 1969 426 2021 ac
446 1945 779 2042 contemplatione,
816 1945 923 2023 facile
948 1951 1120 2064 expedire
1146 1961 1186 2035 et

105 2060 296 2142 enodare
308 2052 557 2158 quaestionem
578 2043 802 2157 propositam
824 2060 928 2133 vobis
947 2058 1088 2137 liceat
1127 2062 1186 2147 lta
1251 2108 1257 2117 ,

110 2174 371 2274 unusquisque
390 2164 553 2249 vestrum
571 2170 719 2301 publice
735 2172 835 2247 edito
852 2171 1049 2269 specimine
1064 2173 1186 2252 decla·
1227 2259 1231 2269 ¹
1259 2192 1263 2201 ‘

111 2311 187 2365 rare
210 2288 373 2386 poterit,
401 2301 581 2383 quantum
600 2286 640 2358 in
658 2283 855 2412 disciplina
863 2284 1079 2377 addiscenda
1075 2285 1187 2387 pto'·

113 2398 264 2487 iecerit,
308 2413 487 2498 quantum
510 2398 649 2495 ingenii
674 2398 828 2489 uirium,
868 2414 1046 2499 quantum
1068 2401 1186 2480 sacul-
1325 2388 1333 2408 ⁸
1392 2404 1397 2411 ’

114 2516 209 2591 tatis
233 2508 298 2601 ea,
348 2518 442 2612 qu'ae
472 2512 616 2599 didicit,
669 2510 811 2587 calamo
839 2524 877 2591 et
904 2512 1114 2627 scriptura
1105 2516 1185 2596 elo-

115 2626 256 2741 quendi
278 2637 316 2701 et
337 2614 590 2724 proponendi,
617 2646 726 2724 quam
744 2628 967 2716 orationem,
998 2618 1104 2729 quod
1119 2653 1221 2729 ge·-
1278 2679 1288 2699 .

118 2762 182 2816 nus
211 2739 393 2823 scribendi
415 2736 485 2815 sibi
507 2739 784 2837 comparauerit.
849 2735 1027 2819 Licebit
1016 2759 1066 2821 ιιι
1093 2742 1186 2824 Pro-
1242 2830 1248 2843 ,

116 2851 304 2931 sessoribus
325 2851 415 2929 de''
392 2877 435 2928 ns
459 2854 554 2928 inter
575 2874 658 2940 voa,
694 2854 759 2950 qui
777 2856 1100 2946 commendatione
1113 2882 1187 2937 no-

118 2965 180 3043 stra
198 2965 403 3069 aliquando
419 2965 577 3044 fortunis
597 2964 667 3041 suis
684 2979 748 3053 aut
764 2967 866 3043 laudi
882 2969 1092 3045 consultum
1114 2969 1204 3048 effe

118 3082 264 3173 rolant,
294 3082 428 3161 certius
446 3092 482 3157 et
500 3081 613 3157 tutius
631 3080 854 3177 cognoscere
872 3094 909 3154 et
926 3083 1088 3156 statuere
1125 3081 1187 3162 aa
1238 3092 1256 3176 ᾗ

115 3192 271 3273 aliorum
299 3208 422 3288 autem
448 3193 494 3273 de
516 3194 621 3269 vobis
649 3194 828 3270 iudicium
843 3204 1025 3291 quantum
1042 3194 1187 3291 ponde-
1209 3247 1215 3299 3
1271 3189 1304 3257 'A
1405 3161 1406 3164 Ν

93 3368 94 3373 ι
121 3308 165 3381 ris
189 3321 227 3385 et
248 3308 470 3387 auctoritatis
490 3288 710 3384 acceslbrum
736 3300 811 3387 else
828 3306 962 3403 putatis
984 3305 1122 3381 iudicio
1141 3304 1187 3383 ιι-

122 3420 195 3496 mili
229 3447 277 3499 ex
309 3420 504 3523 scriptione
536 3418 650 3495 vestra
682 3417 834 3518 publice
861 3421 1028 3525 praemio
1062 3418 1197 3521 Regio

123 3536 259 3613 ornata!
320 3588 324 3599 ·
383 3558 392 3565 “

228 3768 484 3853 Admittuntor
505 3778 627 3869 autem
655 3766 704 3847 ad·
723 3780 907 3848 certamen
935 3788 1065 3846 omnes
1097 3790 1185 3846 cum
1275 3872 1280 3879 ι

126 3878 312 3983 indigenae
341 3904 422 3967 tum
448 3888 582 3975 exteri,
615 3898 805 3984 quotquot
822 3880 1039 3982 inGeotgia
1056 3879 1187 3979 Augu·
1282 3935 1286 3952 .

127 3993 170 4069 tta
198 3998 276 4079 hac
295 4002 421 4081 nostra·
442 3999 566 4077 studiis
589 4022 739 4098 operam
762 3995 871 4087 datis,
913 3994 1045 4082 Ciues,
1075 3998 1186 4073 etiam
1311 4029 1314 4046 ·

130 4116 353 4192 examinandi
389 4138 431 4191 ac
463 4113 712 4213 promouendi
744 4104 796 4187 ad
824 4112 986 4188 honores
1022 4108 1186 4183 summos

129 4221 364 4325 academicos;
393 4248 463 4305 nec
482 4226 729 4308 excluduntur
746 4238 1006 4328 praeterquam
1016 4224 1094 4323 qui,
1116 4219 1186 4297 illo

795 4347 801 4376 ¹
897 4384 902 4397 ·
1009 4335 1187 4438 quidem
