2992 4992
520 514 806 578 m
950 502 952 509 ¹
1124 532 1203 609 1232

92 716 95 761 1
190 766 196 784 r
236 700 334 780 Sane
350 699 500 800 quidem
514 703 554 778 in
571 715 794 803 argtvrnento
811 702 993 786 versamur
1007 718 1083 789 tam
1098 702 1198 804 trito,
1266 679 1273 702 ’

93 832 96 875 ῑ
124 818 230 894 etin
256 816 464 915 vulgaribus
492 834 647 919 quoque
667 809 826 893 historiis
846 822 1013 911 recocto,
1041 839 1082 915 vt
1098 826 1199 905 stoll-
1312 798 1320 829 ⁸

92 944 109 991 :·
124 933 218 1008 dum
237 929 336 1019 esset,
376 929 402 1007 st
431 930 595 1031 profiteri
614 929 815 1021 vellemus,
844 957 944 1009 noua
960 958 1028 1013 nos
1051 936 1118 1017 elle
1138 940 1196 1019 hit

92 1060 96 1107 ἱ
127 1047 176 1122 de
197 1048 302 1125 rebus
323 1044 517 1121 allaturos.
576 1043 822 1150 Nequevero
844 1048 883 1124 id
902 1048 1110 1149 scriptionis
1131 1076 1196 1153 ge.
1266 1052 1270 1061 '

92 1173 96 1222 l
124 1184 192 1237 nus
219 1172 282 1236 aut
314 1158 512 1236 consilium
543 1159 724 1255 postulut3
768 1175 804 1237 et
830 1184 922 1238 vana
944 1164 1197 1259 estpnouitutis

124 1273 195 1350 laus
222 1297 272 1350 ex
297 1280 426 1350 rerum
436 1270 627 1370 figmentis
646 1276 923 1375 verborumque
940 1272 1029 1354 fuco
1044 1280 1198 1380 puerilir

120 1411 186 1465 nec
214 1390 422 1487 quicquum
451 1400 525 1463 tam
549 1386 714 1463 alienum
739 1388 785 1463 ab
812 1389 1196 1493 historiaentignitate,

116 1526 230 1603 quam
246 1499 422 1578 leuissima
441 1522 611 1603 quaeque
628 1504 771 1601 ingenii
784 1520 994 1583 commenta
1010 1508 1197 1608 (qnorum

116 1642 215 1695 noua
247 1616 388 1716 semper
413 1635 583 1718 propago
605 1616 796 1717 pullulans
815 1618 976 1721 suppetit
998 1624 1108 1700 etiam
1126 1628 1196 1701 mi-

115 1756 183 1808 nus
202 1730 434 1830 sollertibus)
450 1730 630 1809 saliorum
649 1734 792 1808 veritati
810 1732 1032 1813 substituere.
1063 1735 1195 1819 Multo

116 1850 240 1923 minus
267 1849 416 1955 inanem
447 1851 597 1947 operam
620 1846 749 1922 instare
770 1846 892 1947 placet
914 1854 953 1925 in
970 1854 1193 1935 reuocandis

115 1986 156 2039 nc
177 1959 392 2037 refellendis
408 1963 470 2050 iis,
508 1981 603 2060 quae
623 1970 819 2059 'perperam
836 1962 961 2061 pulsnm
978 1966 1128 2056 traditu,
1157 1980 1195 2045 et

116 2079 162 2151 ab
200 2074 448 2167 aliistdudum
471 2074 565 2151 sunt.
585 2073 842 2152 animaduersa.
916 2072 1060 2157 Interea
1087 2075 1194 2159 suum

113 2196 245 2288 vtique
274 2190 472 2279 iudicium,
513 2186 704 2276 suaratiu,
742 2192 880 2287 cuique
893 2191 1013 2291 potest
1031 2192 1195 2269 constare

113 2306 153 2383 in
173 2307 287 2378 rebus
300 2304 362 2377 seu
377 2302 616 2400 explorandis
633 2315 670 2376 et
683 2302 906 2377 trutinandis
925 2300 987 2382 seu
1003 2320 1196 2403 exponen.

115 2418 185 2492 dis.
249 2412 308 2491 Est
324 2416 446 2515 aliqua
463 2416 543 2491 laus
560 2409 668 2493 etiam
685 2416 723 2488 io
740 2414 833 2503 hoc,
862 2412 948 2492 fiad
967 2420 1117 2518 antiqua
1136 2443 1197 2498 or·
1300 2450 1302 2453 ·

116 2531 252 2621 nanda,
271 2527 424 2607 obscura
435 2528 656 2618 illustranda,
668 2530 861 2627 ingenium
876 2554 953 2609 non
970 2531 1135 2611 desuerit.
1153 2535 1195 2634 a)

1040 2645 1194 2729 Attilam
1340 2758 1348 2777 .

176 2834 222 2916 a)
243 2828 429 2906 Incredibile
450 2827 513 2907 est,
544 2809 639 2915 quam
670 2828 769 2893 multe
800 2828 840 2895 de
863 2794 963 2897 Attila
985 2843 1103 2905 narrata
1123 2834 1195 2917 fint,

229 2937 304 2980 curn
317 2926 382 2977 tam
397 2934 493 2997 pauca
507 2924 595 2978 certo
608 2916 687 2978 tradi
703 2910 826 2997 pollint.
861 2914 1017 2982 Fabulolia
1030 2924 1194 2983 commen-

205 3001 207 3007 ’
226 3004 270 3064 tia
285 3009 456 3061 onerarunt
471 3018 521 3061 res
538 2999 658 3062 Attilae
668 2999 812 3062 certatim
827 2999 988 3075 monachi,
1004 3013 1072 3064 tom
1088 3020 1194 3065 rerum
1320 3060 1324 3069 t

226 3075 479 3165 Huugariearum
493 3082 673 3164 scriptores,
694 3102 788 3166 porro
804 3082 895 3156 Itali,
918 3085 1123 3165 inprimisque
1139 3082 1195 3167 qui

230 3168 395 3232 ciuitatum
418 3165 658 3240 nonnullarum,
686 3177 720 3229 vt
738 3164 925 3239 Mediolani,
945 3159 1119 3247 Mutinae„
1138 3167 1195 3230 Pa-

228 3250 327 3323 tauii,
362 3250 541 3333 Aquileiae,
568 3270 618 3311 ree
640 3250 802 3332 exsequuti
826 3246 908 3311 sunt:
959 3246 1012 3311 Est
1037 3248 1068 3311 in
1089 3246 1195 3337 gentle

223 3332 390 3398 Atestinae
413 3334 567 3397 bonorem
592 3333 723 3412 scriptus
738 3330 895 3396 libelluea
913 3328 1043 3396 Nicolao
1067 3331 1096 3397 T
1093 3332 1195 3419 omaso
1287 3361 1290 3366 ·

225 3417 262 3483 ὅ
271 3414 432 3501 Aquileia,
456 3428 491 3481 vt
510 3415 664 3498 praefatio
686 3414 808 3498 praese
827 3414 906 3490 sert,
930 3416 1120 3481 patriarchae
1137 3420 1195 3483 Ni·
1228 3454 1234 3461 ·

227 3517 318 3583 ceute
334 3502 537 3585 (snitvtique
551 3522 591 3563 eo
607 3509 752 3599 tempore
768 3499 900 3597 Nifefss.
908 3499 1083 3583 Episcopus
1093 3504 1195 3587 Aqui·
1232 3500 1235 3510 '

228 3585 371 3661 hienis,
399 3594 434 3649 vt
454 3605 494 3647 ex
513 3586 545 3649 S.
561 3584 678 3647 Leonte
695 3580 842 3665 Epistolte
860 3584 995 3665 constet)
1011 3607 1028 3645 a
1046 3584 1194 3661 secretio,

216 3670 336 3731 'vetsna
358 3672 390 3731 in
417 3669 589 3733 sermonem
605 3666 828 3748 prouincialem
847 3666 1013 3747 aNicolao
1033 3670 1071 3731 de
1088 3670 1196 3735 Cesole
1312 3708 1313 3711 =

229 3750 435 3825 Bononiensi,
464 3761 497 3815 et
519 3740 1073 3833 ltelic'eeditnsFerrariae1568.q.
1091 3752 1196 3825 Habe·¹
1267 3818 1271 3822 .

229 3856 301 3899 mus
317 3856 390 3899 cum
405 3838 467 3899 boo
480 3836 514 3897 in
529 3836 669 3899 manibui
683 3836 779 3897 alium
790 3854 813 3897 e
827 3824 1012 3899 bibliothece
1021 3837 1197 3900 academice
1319 3862 1329 3869 ·

226 3918 370 3983 libellum
393 3920 619 4001 leym-italice
649 3931 809 3983 exaratum
867 3918 1102 3992 ueternionibrfl
1135 3921 1196 3979 im-

228 4003 379 4085 pressum.
415 4004 558 4067 Veneriis
584 4000 800 4067 hauddubie:
873 4014 874 4017 ’
903 3998 1037 4089 byslovv‘a
1053 4000 1088 4063 de
1103 3997 1197 4063 Avito

195 4122 199 4130 ·
229 4084 308 4151 deuo
327 4083 574 4171 flagellantum,
605 4085 760 4153 translatu
781 4072 822 4149 du
844 4086 953 4168 lingua
970 4081 1148 4165 franctsclra
1161 4085 1194 4145 in
1227 4095 1232 4104 ’
1301 4118 1303 4127 =

231 4170 450 4249 latina-1421.
482 4170 558 4235 nst
580 4170 632 4233 hie
656 4170 850 4242 libellusia,
879 4176 918 4235 ue
940 4188 1003 4249 quo
1024 4166 1197 4230 Sabellicus
1244 4210 1248 4217 ·

230 4258 296 4339 agit
324 4256 394 4321 Lib.
424 4255 479 4318 lll.
513 4256 552 4316 de
580 4254 733 4317 vetustate
758 4251 921 4335 Aquileiae
947 4262 1044 4331 [³272.
1067 4247 1104 4313 E.
1127 4250 1196 4315 ltal.

182 4358 415 4462 thnt'tJOpusc.
432 4364 518 4448 quadi
535 4362 605 4432 Vol.
619 4361 689 4460 III.
748 4438 753 4445 q
793 4336 823 4445 ⁴I
887 4404 893 4417 ,
940 4410 943 4419 ,
1028 4410 1029 4414 ¹
1083 4330 1192 4395 illustr.
