2992 4992
301 715 493 812 Μϋλ-
545 709 696 791 Verum*
714 732 763 789 ex
781 722 950 790 veterum
973 696 1205 788 saeculorum
1220 708 1382 790 historiis

300 848 378 915 mm
411 832 546 912 multa
561 831 608 907 ad
637 828 797 906 nostram
821 828 1039 904 memoriam
1062 844 1141 901 non
1162 848 1380 924 peruenere,

300 963 343 1027 ιι
364 950 600 1026 temerarium
625 942 693 1033 fit,
747 966 795 1019 ex
821 944 865 1018 iis
898 961 998 1041 quae
1020 938 1218 1031 nouimus,
1268 942 1363 1019 de''
1340 967 1380 1017 ns

301 1086 397 1174 quae
411 1067 648 1163 ignoramus,
670 1055 853 1136 iudicium
872 1054 993 1134 facere
1009 1052 1118 1134 telle
1178 1053 1311 1133 Vnum
1332 1072 1381 1132 ta·

299 1199 388 1256 men
412 1178 463 1254 est
463 1174 589 1277 ,quod
609 1161 758 1274 allequi
763 1172 860 1249 licet.
910 1169 1250 1250 Alexandrinorum
1277 1194 1380 1247 com-

227 1378 233 1391 ,
299 1295 457 1383 mercia,
488 1310 620 1390 regum
637 1308 792 1389 quoque
816 1310 908 1386 opes
931 1286 1149 1395 maritimae,
1196 1298 1378 1388 quantum

298 1406 499 1504 intelligo,
538 1406 585 1482 ad
608 1397 805 1481 Orientem
837 1400 998 1477 maxime
994 1388 1245 1501 spectabant,
1285 1398 1378 1479 Poe-

251 1567 255 1572 ·
299 1519 497 1619 norumad
504 1516 784 1608 Occidentem
806 1537 942 1615 porro,
974 1538 1060 1594 cum
1083 1510 1246 1592 Romani
1274 1538 1376 1595 com·

298 1636 435 1738 mercia
452 1633 677 1732 spernerent,
696 1627 792 1705 nihil
813 1624 980 1745 habuere
1004 1629 1256 1707 Alexandrini
1272 1631 1374 1732 quod

298 1772 430 1826 eorum
431 1748 653 1845 potentiam
671 1768 737 1845 per
763 1743 898 1863 insulas
925 1758 962 1821 et
985 1746 1093 1821 maris
1118 1744 1373 1822 mediterranei

295 1863 422 1941 littora
444 1860 590 1939 audam
600 1873 830 1975 metuerent,
842 1848 939 1938 cuna
957 1856 1147 1937 contrade
1163 1856 1373 1939 Poenorum

298 1980 435 2078 opibus
461 1975 585 2053 multo
616 1978 734 2074 magis
769 1976 814 2053 iis
846 1974 1092 2053 metuendum
1116 1970 1221 2069 effet3
1269 2000 1376 2075 regesv

297 2108 423 2171 autem
455 2089 616 2192 Aegypti
643 2089 712 2166 illo
742 2092 904 2167 maxime
936 2094 1126 2189 tempore,
1177 2112 1254 2189 quo
1287 2114 1368 2167 cum

297 2204 433 2301 Poenis
448 2205 546 2289 bella
568 2202 704 2306 gellere
720 2201 902 2295 Romani,
932 2202 1036 2280 fuere
1060 2203 1175 2294 luxu,
1213 2204 1368 2281 mollitie

297 2336 335 2400 et
352 2314 591 2400 seditionibus
609 2320 818 2417 domesticis
832 2342 865 2394 -a
892 2342 1016 2398 rerum
1041 2332 1278 2396 externarum
1308 2344 1367 2395 cu-

256 2439 345 2515 ·ris
378 2435 536 2515 abdutli.
607 2431 772 2509 Inierant
810 2426 964 2534 quoque
1000 2446 1063 2510 aut
1102 2448 1366 2512 renouauerant

293 2551 445 2629 foedera
467 2570 556 2625 cum
578 2542 996 2637 RomanisPtolemaei,
1024 2546 1259 2649 Philopator,
1287 2545 1367 2650 Epi·

225 2705 230 2714 ,
294 2663 456 2766 phanes,
483 2660 734 2752 Philometor,
775 2654 976 2761 Euergetes
1001 2659 1048 2739 ll
1075 2686 1205 2740 verum
1236 2668 1365 2770 partim

293 2801 427 2877 regum
453 2775 577 2879 Syriae
605 2788 752 2865 metu,
739 2778 909 2876 partim
930 2790 973 2853 vt
993 2778 1037 2853 in
1056 2780 1174 2855 turbis
1198 2779 1365 2879 domesti-

292 2894 345 2969 ἀι
360 2878 652 2969 Romanorum
642 2904 856 2968 interuentu
885 2914 990 2991 reges
1017 2906 1092 3000 aut
1097 2896 1299 2971 retinerent
1312 2918 1365 2971 re
1405 2906 1406 2911 '

289 3028 409 3107 gnum
422 3021 488 3083 aut
501 3012 771 3105 recuperarent
832 3003 890 3085 Ad
918 2992 1138 3093 mercatum
1156 3022 1192 3085 et
1216 3014 1366 3109 nauiga-
1372 3014 1406 3117 's

289 3113 447 3199 ιὶοιιιιιι
441 3124 490 3198 in
514 3122 571 3199 his
595 3120 808 3199 foederibus
834 3138 872 3200 et
898 3103 1149 3223 legationibus
1174 3122 1270 3201 nihil
1290 3112 1365 3225 spe
1405 3174 1406 3195 ι

289 3234 392 3315 dalle
403 3236 524 3314 video
556 3234 700 3312 Interea
711 3236 791 3311 latis
807 3234 943 3338 allequr
956 3238 1053 3314 licet
1074 3240 1125 3314 ιιι
1136 3252 1241 3315 antea
1261 3236 1373 3340 Tyro

288 3352 334 3427 ab
351 3350 565 3449 Alexandro
587 3351 730 3440 euerso,
748 3348 1035 3451 Carthaginem
1025 3366 1074 3429 ita
1091 3376 1195 3433 nunc
1214 3350 1374 3431 Cartha·¹

288 3467 388 3563 gine,
401 3478 453 3542 et
449 3464 590 3543 eodem
605 3462 900 3545 annoCorintho
918 3467 1047 3557 excisa,
1057 3466 1374 3549 Alexandrinorum

287 3583 478 3661 conmercia
501 3584 620 3658 mirum
642 3585 677 3659 in
703 3583 835 3661 modum
850 3578 949 3687 sulffe
965 3582 1076 3663 ιιιὲἴιι.
1230 3594 1237 3603 ”

308 3768 392 3856 ⁸)
412 3766 487 3834 Non
502 3710 619 3836 oblitus
637 3770 681 3837 eil
703 3772 753 3837 vir
774 3770 822 3836 lll.
841 3768 895 3835 Fr.
921 3769 1003 3839 Sam
1018 3774 1058 3837 de
1073 3734 1243 3838 Schmidt·
1233 3792 1266 3837 ιιι
1283 3770 1360 3839 Diff.

399 3855 440 3916 de
455 3852 628 3920 Commerc.
648 3856 791 3921 Ptolem:
796 3874 826 3941 p.
837 3872 908 3939 297.
919 3856 981 3955 sqq.
1013 3854 1315 3940 Carthaginlenfiurn
1331 3868 1362 3923 et

367 3936 682 4005 Alexandrinorum
702 3943 891 4003 commercia
904 3941 1079 4023 attingere3
1098 3960 1158 4004 nee
1174 3952 1278 4005 tamen
1298 3964 1365 4006 nra·

320 4073 324 4083 ,
397 4021 509 4087 terlem
530 4023 704 4106 disputandi
723 4020 866 4105 reperiffe
882 4025 1007 4091 videtur
1021 4024 1187 4102 iterem,
1217 4044 1291 4091 eun
1314 4028 1364 4093 ni·

395 4104 443 4187 hit
461 4127 501 4170 ex
516 4105 674 4171 veteribus
691 4119 861 4209 narratum.
869 4104 920 4209 fit.
984 4172 989 4197 ,

1243 4363 1356 4445 .v.
