2992 4992
174 432 376 545 ’,ΧΩ
593 438 1001 527 ,ΕΞ-..Ξ

105 646 119 759 J
155 655 163 667 ’
224 668 227 676 ’
265 600 282 779 ι’
304 640 332 717 s
380 670 384 679 ’
434 652 483 735 ΙΙ.
542 638 649 735 Siin
674 636 780 728 Latio
807 643 1083 744 orient‘uiiqoont
1114 638 1400 750 Carthaginiense

319 776 476 873 ceperint,
504 792 586 869 quoa
606 766 819 873 subditione
847 763 1078 839 Romanorum
1100 788 1168 837 nnn
1184 765 1268 837 erit:
1297 789 1400 861 prue-

320 874 398 967 dom
413 898 445 964 at
458 888 606 987 captiuos
623 884 683 987 ipfi
698 878 856 964 habento,
881 876 992 953 oriem
1014 874 1176 955 reddunto
1205 871 1281 980 nr).

433 1050 500 1131 ΙΙΙ.
570 1050 611 1131 Si
642 1058 701 1149 qui
739 1043 1055 1147 Carthaginienstum
1094 1041 1222 1141 aliquot
1243 1048 1392 1142 reperiri

214 1206 217 1215 ’
317 1169 504 1273 quibuscum
518 1168 649 1271 foedere
658 1167 787 1269 scripto
803 1160 905 1239 inoffi
914 1162 996 1263 suoi
1015 1158 1182 1243 Romani,
1207 1161 1265 1256 qui
1289 1170 1392 1237 tantan

311 1284 381 1393 sub
399 1286 628 1361 Romanorum
646 1282 782 1379 imperio
800 1306 866 1353 non
885 1286 1005 1351 nuni:
1041 1272 1100 1351 itus
1125 1278 1160 1349 ia
1177 1274 1298 1372 popuii
1325 1276 1391 1351 Ru-

318 1406 410 1481 muni
424 1412 545 1498 portur
559 1426 598 1472 ne
613 1396 817 1476 deducantm
853 1394 885 1493 st
916 1393 986 1487 qais
1008 1392 1071 1465 erit
1092 1385 1245 1463 deduiius
1272 1400 1306 1465 rt
1329 1418 1391 1467 ma.

318 1542 396 1593 unna
418 1514 590 1611 Romanus
606 1512 765 1591 iniecerit,
795 1503 876 1581 liber
894 1507 971 1602 esto.
1037 1504 1165 1601 Eodem
1184 1507 1253 1578 iure
1277 1515 1310 1579 rt
1324 1507 1391 1581 Ro·

317 1634 408 1707 mani
426 1637 573 1705 tenentur
599 1616 665 1725 a).
725 1618 986 1721 Barbeyracius
1002 1619 1188 1718 praeclare
1202 1617 1296 1695 haec
1311 1620 1390 1696 illu-

1256 1733 1389 1824 strauit,

434 1943 527 2010 1154.
545 1924 607 2007 C.)
621 1934 688 1991 tom
704 1943 762 1987 cur
775 1942 840 1986 nou
857 1919 1003 1997 scriptum
1029 1918 1227 2001 impliciter,
1264 1941 1323 1999 per
1348 1936 1390 1987 to-

431 2022 497 2077 tam
522 2011 659 2076 Africam
689 2019 723 2071 et
745 2018 879 2091 partem„
891 2001 1082 2087 Hispaniae?
1119 2005 1227 2067 curin
1248 2005 1389 2088 Hispania

345 2107 346 2115 ’
430 2096 587 2180 ignobiles
603 2092 676 2156 istae
691 2088 782 2157 urbes
804 2110 861 2173 pro
886 2088 1003 2151 finious
1023 2086 1233 2152 constitutae?
1264 2111 1327 2153 nec
1342 2092 1389 2155 ali·

319 2183 322 2192 '
430 2180 515 2245 unde
533 2176 830 2273 constat3Romanoa
848 2170 950 2264 Gades
965 2172 1026 2235 iam
1042 2166 1261 2244 'tumnauibua
1277 2175 1387 2251 adiisse

356 2290 360 2297 ·
430 2276 463 2329 et
478 2262 498 2327 fi
515 2260 664 2333 adiiss'ent,
688 2280 780 2343 quam
797 2278 902 2339 parum
919 2254 1156 2337 expediendum,
1167 2269 1199 2319 vt
1213 2272 1303 2319 extra
1316 2254 1388 2320 iimo

429 2349 463 2411 iu
492 2348 620 2411 Oceano
647 2344 807 2409 Atlantico
827 2338 1065 2423 praedarentur!
1096 2339 1128 2409 {d
1152 2360 1242 2402 curae
1276 2341 1414 2432 scilicete

355 2488 356 2493 ,
429 2430 544 2495 Poenia
559 2430 639 2500 init,
660 2430 755 2489 modo
771 2437 805 2490 vt
820 2422 953 2487 intartae
970 2420 1068 2486 essent
1085 2422 1250 2485 interiores
1265 2425 1387 2489 Africae
1411 2481 1412 2486 ,

431 2523 464 2577 et
479 2513 625 2592 Europae
642 2515 730 2571 orae!
753 2511 959 2575 Bochartum,
982 2506 1389 2589 quiadeoTarsumjinTar-
1408 2515 1412 2586 i

430 2594 494 2658 seio
510 2594 645 2677 quaerit,
671 2590 797 2672 Phaleg.
814 2590 876 2663 111,
895 2606 924 2668 7.
947 2591 1024 2651 haec
1043 2609 1238 2673 concoquere
1261 2593 1389 2673 potuiiie

429 2699 494 2742 nou
514 2678 679 2749 miramur,
747 2674 820 2756 ippe
837 2673 890 2754 qui
906 2670 1087 2749 persuadere
1107 2672 1161 2737 fibi
1182 2677 1302 2758 potnit,
1331 2679 1388 2739 iana
1411 2725 1412 2768 p

311 2756 320 2769 ”
429 2758 524 2824 Moira
542 2772 683 2839 tempore
696 2695 784 2821 Qu
800 2756 946 2821 Herculis
965 2755 1129 2821 columnas
1148 2760 1285 2827 nobilem
1303 2760 1389 2823 fuiiie
1411 2773 1412 2806 ³

429 2844 622 2909 Phoenicum
638 2843 804 2906 coloniam.
856 2840 1046 2903 Probabiliua
1071 2837 1177 2925 itaque
1201 2842 1263 2915 eii,
1303 2843 1412 2908 fuiffe‘

342 2984 345 2991 .
427 2927 566 2993 Mastiana
585 2936 618 2994 et
633 2924 794 2991 Tarieium
810 2925 900 2991 vrbea
918 2924 1034 2987 vicinae
1050 2922 1230 3005 Carthagini
1251 2928 1288 2989 ab
1310 2931 1390 2991 oeci-
1411 2985 1412 3006 ζ

377 3045 379 3054 ·
427 3013 543 3084 dente,
575 3030 704 3094 quarum
733 3010 861 3078 nomina
884 3009 1041 3086 impertita
1064 3029 1136 3071 mox
1162 3002 1232 3073 iunt
1256 3013 1389 3074 coloniis

427 3095 610 3179 Hispaniae,
632 3115 671 3157 ex
687 3114 774 3157 more
789 3087 948 3157 communi
969 3090 1191 3169 Sidoniorum,
1218 3092 1387 3177 Tyriorum

427 3196 460 3243 et
486 3176 663 3244 Poenorum
687 3197 752 3239 non
776 3177 879 3242 minua
909 3195 1001 3259 quam
1028 3175 1161 3240 aliorum
1189 3179 1388 3261 populorum.

425 3264 528 3331 Vrbea
551 3263 619 3325 illas
646 3262 748 3344 postea
770 3282 788 3323 e
812 3260 924 3323 notitia
945 3258 1111 3323 hominum
1128 3260 1248 3337 abiiffe,
1279 3261 1389 3345 saquia

425 3348 577 3420 miretur,
596 3346 734 3428 cogitet,
756 3365 848 3427 qnam
864 3344 976 3426 ingene
999 3344 1119 3407 arbium
1141 3344 1313 3410 multitudo
1337 3367 1388 3430 per

364 3469 367 3481 ·
424 3431 564 3495 Africam
582 3429 747 3493 interierit.
791 3428 858 3492 Nec
876 3438 1070 3491 tamencum
1086 3426 1335 3492 virodniiiiiimo
1353 3435 1389 3491 de

352 3578 356 3585 ,
425 3512 459 3589 S.
477 3512 576 3577 Cruee
591 3532 618 3595 p.
637 3526 677 3590 38
702 3510 872 3577 affeuerare
893 3512 1079 3583 audeamus,
1116 3508 1264 3597 Mustium
1288 3511 1344 3601 effe
1367 3514 1392 3578 le

430 3596 495 3679 Cup
511 3596 627 3668 Biana,
659 3596 815 3679 Torfin'um.
831 3597 858 3658 le
879 3593 943 3679 Cap
961 3593 1082 3673 Serra;
1106 3602 1190 3679 quod
1213 3596 1278 3661 fine
1304 3599 1392 3662 omni

408 3681 610 3745 auctoritate
625 3685 854 3762 pronuntiatur.

372 3791 428 3875 m)
456 3790 490 3854 In
515 3792 617 3873 priore
641 3792 786 3855 foedere:
813 3787 966 3866 Ῥωμαίοις
990 3789 1210 3852 ἀποδιδότωσαν
1239 3788 1391 3872 aiadpoaoa.

424 3874 624 3939 Excideritne
642 3877 719 3949 hoc,
736 3888 769 3937 vt
784 3874 932 3937 Romanis
939 3878 1105 3940 tradendae
1120 3874 1189 3946 lint,
1201 3895 1240 3937 au
1259 3879 1392 3941 omnino

421 3960 643 4041 relinquendae
660 3982 680 4021 a
701 3960 816 4024 Poenis
831 3959 890 4021 fiat
906 3959 1013 4031 urbes,
1049 3980 1109 4023 nee
1132 3960 1164 4022 in
1190 3960 1313 4023 ditione
1337 3961 1391 4024 sua

419 4043 617 4119 retinendae,
641 4064 705 4108 nou
719 4043 841 4106 definiri
859 4040 969 4121 potest.

368 4153 415 4236 rt)
439 4152 579 4222 drodant
593 4155 626 4217 di
642 4154 710 4231 μήδ’
728 4156 754 4214 oi
767 4146 914 4230 ’Ῥωμαῖοι
928 4156 1113 4215 ποιείτωσαν.
1133 4156 1315 4239 pariiernec
1326 4154 1391 4220 Ro·

342 4276 344 4281 .
391 4360 394 4367 ¹
421 4241 505 4303 moni
519 4237 554 4305 id
558 4239 704 4321 sacietate
712 4280 722 4312 ‚
752 4248 803 4315 rt,
833 4239 967 4321 uquam
992 4258 1011 4301 e
1034 4240 1153 4322 populo
1179 4242 1392 4389 cumfdideii:
