2992 4992
348 508 379 529 ''
477 478 834 564 -.,......-...-'·..;·.÷·
1067 506 1193 588 427'

113 693 252 791 impetus
270 711 340 768 nos
361 688 454 765 ferre
478 652 612 774 debet?
649 644 801 761 Scilicet
822 682 869 762 ad
892 677 995 776 hot,x
1015 657 1056 766 at
1073 711 1154 789 gra.
1278 764 1285 771 ‚
1345 719 1348 728 ‹

111 807 171 880 tias
192 828 328 904 agamus
352 799 439 880 Deo
458 799 675 908 immortali,
724 802 819 874 inter
844 803 948 894 cuius
975 799 1175 882 'beneficia-

110 920 281 1017 ingenus
312 914 467 993 mortale
491 906 680 992 'arenantia
708 911 836 1003 locum
870 915 1031 1018 primum
1058 915 1159 994 obti.'
1223 987 1225 994 ,
1304 935 1307 944 ’

110 1045 195 1107 nent
215 1032 326 1109 bonae
347 1030 514 1122 litterac,·
551 1025 697 1137 diuitum
712 1023 983 1130 humanaeque,
1014 1023 1156 1128 fingen.
1300 1051 1314 1094 r

107 1156 160 1220 tes
181 1144 339 1244 ingenia,
381 1139 564 1238 polientes
583 1129 809 1235 ac'rcgentes
827 1137 947 1216 sensus
964 1165 1006 1218 ac
1021 1167 1156 1235 mores,
1293 1197 1299 1226 0

106 1255 305 1333 excolentes
335 1254 617 1355 humanitatem,
665 1248 800 1349 idque,
854 1256 959 1353 quod
988 1254 1158 1362 diuinum
1220 1289 1223 1296 ¹

105 1371 144 1444 in
167 1369 265 1447 nobis
290 1369 358 1457 est,
395 1367 581 1464 elicientes
604 1385 647 1442 ac
664 1361 845 1442 fouentes.
883 1365 1070 1452 ,Alterum
1095 1373 1157 1476 est,
1282 1403 1285 1424 ¹

104 1496 144 1557 vt
159 1481 322 1558 faciamus
343 1492 429 1556 vota
450 1478 628 1582 proreip.
649 1473 790 1552 nostrae
806 1482 1047 1578 perpetuitate
1065 1486 1160 1560 eius-

105 1616 179 1694 que
203 1584 386 1672 auttotum
419 1613 462 1669 ac
485 1590 740 1691 sorpitatorum
763 1591 1027 1672 incolumitate.
1086 1593 1160 1674 Pu„
1251 1609 1255 1620 ·
1314 1575 1317 1582 ’

106 1705 210 1783 blicis
235 1708 356 1807 itaque
383 1705 612 1804 priuatisque
632 1701 805 1803 precibus
827 1705 956 1783 nostris
981 1707 1053 1800 diu
1068 1732 1160 1786 con·
1280 1719 1287 1726 ’

103 1820 247 1896 doneris
261 1817 455 1912 laetusque
467 1816 576 1891 rebus
590 1815 760 1890 humanis
775 1817 934 1904 intersis,
963 1818 1164 1903 GEORGI
1270 1833 1273 1840 “

103 1925 303 2018 mallii,
331 1927 483 2023 Magnae
498 1927 695 2032 Britanniae
712 1925 789 2006 Rex
798 1925 1070 2024 Augustissime,
1095 1937 1165 2012 bo·
1199 1949 1229 2000 'a
1329 1923 1337 1942 ’

103 2041 231 2120 narum
248 2033 449 2117 litterarum
468 2037 599 2126 tutela,
626 2055 702 2114 nec
713 2041 829 2140 magis
845 2037 947 2116 Fidei
967 2037 1162 2138 Defensor,

102 2179 214 2258 quam
236 2154 476 2235 Scientiarum
500 2175 542 2228 ac
555 2147 778 2229 Litterarum
794 2148 981 2230 Columcn
999 2179 1041 2234 ac
1059 2155 1167 2236 Prae⁴

102 2265 252 2347 fidium!
278 2264 424 2364 Digna
453 2264 559 2342 Tuae
587 2265 731 2362 pietatis
754 2272 805 2341 'ac
836 2267 978 2344 virtutis
1005 2277 1165 2369 praemia
1303 2291 1307 2298 ⁴

101 2384 215 2471 feras,
268 2377 463 2458 REGINA
501 2373 756 2465 AVGVSTA‚
815 2379 1003 2460 numerosa
1036 2383 1164 2482 sobole

100 2495 196 2572 felix
208 2507 346 2600 mater,
380 2507 518 2569 etcum
534 2489 594 2568 luc
605 2489 683 2589 ipsa·
698 2489 773 2566 Tuo
787 2486 983 2585 SOBOLE
995 2493 1164 2590 ΗΕΘΜ,
1184 2538 1186 2547 ·

103 2610 211 2686 omni
232 2606 415 2684 felicitatis
435 2628 589 2705 genere,
625 2600 730 2702 quod
746 2604 786 2678 in
805 2603 938 2712 {ortem
955 2611 1167 2691 mortalium

100 2722 221 2810 cadit,
256 2721 409 2822 propitii
431 2719 593 2796 numinis
614 2715 864 2816 indulgentia,
906 2721 1017 2799 fausta
1036 2746 1078 2801 ac
1092 2725 1169 2804 ior.

101 2847 251 2921 tunata,
290 2831 407 2910 utere!
446 2828 503 2907 Ad
525 2853 900 2928 magnarumrerum,
920 2833 1168 2938 'seupaceseu
1325 2827 1330 2838 ’

100 2946 210 3046 bello
234 2946 495 3044 gerendarum,
523 2943 682 3042 gloriam
700 2944 945 3022 immortalem
962 2950 1168 3044 adolescite,

103 3055 369 3140 PRINCIPES
392 3054 538 3141 REGIl
562 3050 896 3146 SERENISSIMI,
928 3072 982 3150 et,
1017 3066 1088 3140 vbi.
1102 3066 1168 3143 ali.

100 3176 387 3273 quandovero,
428 3168 621 3259 melitio,
665 3171 705 3246 in
730 3172 946 3249 meritorum
971 3176 1172 3260 vestrorum

97 3285 235 3364 laudes
250 3285 444 3374 consensu,
471 3284 565 3361 inter
581 3281 742 3381 populos
760 3283 946 3384 conspicui
962 3285 1042 3364 fatti
1060 3294 1170 3386 eritis,

97 3395 486 3486 nutritiamuestram,
525 3392 727 3493 Georgium
743 3389 959 3496 Augustamss
989 3427 1171 3483 memores

97 3512 264 3612 diligite.
339 3507 422 3588 Vos
459 3527 607 3597 autem,
671 3504 973 3592 CVRATORES
1013 3513 1197 3600 HVlVS·

97 3619 410 3706 ACADEMIAE
424 3616 808 3716 ILLVSTRISSIMI,
829 3647 1004 3732 nuncque
1025 3629 1104 3714 uice
1119 3631 1171 3712 sa.

97 3763 164 3820 cra
198 3740 252 3817 ad
277 3738 338 3816 hoc
357 3727 501 3842 sollenne
518 3726 730 3823 ,LEGATL
774 3737 980 3818 incolumes
1011 3741 1171 3846 laetique

97 3853 311 3932 uestrarum
337 3872 525 3938 catarum,
572 3860 724 3927 euentus
753 3846 1001 3954 succeffusq'ue
1028 3873 1173 3958 optatos

97 3968 350 4068 habentium,
389 3962 525 4041 sautius
555 3964 684 4062 capite.
753 3957 932 4041 Fortunet
960 3991 1097 4046 numen
1122 3943 1177 4052 0'.

97 4077 154 4158 Μ.
191 4077 350 4160 consilia
372 4077 507 4165 restra,
545 4076 724 4174 vestrique
742 4073 909 4174 collegii,
947 4075 1172 4162 SENATVS

97 4189 303 4275 HARVM
332 4185 612 4272 TERRARVM
639 4181 1000 4274 REGENDARVM
1022 4191 1169 4274 SANC.

848 4355 851 4364 ·
996 4302 1168 4389 TIORIS
