2992 4992
240 412 376 541 ‘equ
538 554 542 565 ἱ
624 432 938 511 ”aaa

121 624 125 634 ’
243 640 378 745 sponte
402 632 589 715 excidunt.
649 628 729 713 At
717 637 962 736 ingeniorum
982 605 1169 735 expulitiu
1193 640 1232 709 et
1253 628 1332 709 cul

134 753 160 775 '⁴
243 769 328 837 tura
360 750 567 851 elegantior
595 746 844 859 relinquenda
880 750 932 827 est
960 747 1074 826 certis
1103 749 1203 825 inter
1234 749 1335 823 ciues

246 870 466 961 ordinibus3
505 852 748 971 subtiliusque
770 864 809 940 di
811 861 1048 966 leiplinarum
1071 875 1110 944 et
1124 858 1336 939 litterarum

128 1080 131 1089 Δ
248 982 414 1065 studium
439 978 692 1080 mandandum
715 980 863 1081 paucis,
898 990 937 1055 at
963 976 1123 1066 selenis,
1159 990 1260 1076 quos
1283 977 1339 1051 in·

253 1097 455 1200 geniorum
488 1094 645 1173 felic-itas
675 1106 713 1169 et
743 1090 970 1193 reipublicae
996 1089 1153 1193 prouida
1181 1112 1269 1168 cura
1293 1112 1340 1165 eu

162 1228 164 1233 '
250 1210 345 1290 ioco
372 1208 621 1297 constituerit,
667 1218 726 1298 vt,
761 1206 953 1307 quicquid
970 1205 1140 1284 scientiae
1169 1204 1254 1279 est
1243 1218 1338 1280 mter

253 1324 452 1412 honrines
491 1324 673 1423 creditum
695 1313 765 1399 libi
788 1317 858 1397 eise
880 1323 1014 1423 putent
1030 1332 1067 1397 et
1083 1317 1335 1396 afferuandum

131 1536 138 1550 Ι
256 1450 298 1517 et
328 1439 439 1517 nouis
464 1437 700 1515 incrementis
725 1433 962 1533 augendum,
1009 1434 1200 1525 attamen
1228 1454 1275 1507 ex
1296 1434 1338 1507 iis

251 1546 306 1631 ad
330 1554 501 1629 vitamet
531 1550 665 1649 vulgus
687 1548 937 1639 eadelerant,
973 1570 1068 1651 quae
1087 1547 1284 1625 utilitatem
1306 1558 1339 1621 et

255 1656 421 1746 fruilum
444 1661 582 1747 habere,
596 1660 741 1763 puffint.
776 1651 1049 1765 'Quaeigitur
1071 1663 1118 1741 ad
1134 1664 1250 1739 titana
1265 1662 1336 1761 pie¹

204 1780 429 1889 ’'nonene
443 1776 624 1860 “feliciter
654 1776 836 1876 agendam
862 1776 1058 1857 uccellana
1082 1789 1121 1853 et
1145 1775 1250 1853 utilia
1273 1771 1339 1851 etse
1393 1781 1395 1872 l

181 1962 207 1973 ι.
235 1992 237 1997 ἢ
257 1880 431 1999 poliunt
476 1912 517 1966 ea
552 1904 642 1968 nom
672 1904 709 1968 et
731 1891 884 1993 vulgata
907 1889 978 1973 eil'e
1001 1891 1142 1971 debent
1164 1890 1339 1967 omuibus
1395 1893 1397 1982 l

240 2004 380 2083 ‘cloelis
401 2007 536 2106 pariter
559 2019 597 2082 et
617 2002 797 2100 indutiis3
834 2018 872 2084 at
890 2007 1071 2108 quicquid
1095 2028 1182 2083 cunr
1202 2003 1341 2082 subtili-
1397 2003 1399 2028 '

151 2128 154 2142 ‘
259 2132 338 2195 tate
372 2116 580 2221 disputandi
611 2140 656 2197 ac
685 2118 924 2202 declamandi
936 2118 1187 2200 ιοιιιιιιιιιιιιιι
1211 2118 1282 2211 eil,
1320 2138 1342 2193 e

256 2235 411 2332 generis
431 2234 584 2311 humani
611 2232 802 2342 disciplina
828 2234 941 2315 furcis
960 2214 1250 2337 expellendum
1277 2230 1344 2308 fal·
1402 2305 1403 2308 a

260 2360 343 2423 tem
374 2350 470 2424 intra
497 2347 680 2427 librorum
704 2348 856 2433 claustra
881 2353 1124 2451 virorumque
1151 2347 1344 2425 doliorum

262 2484 309 2539 ac
342 2457 533 2539 subtilium
555 2462 842 2557 conuentutest
866 2462 1119 2565 relegandum.
1184 2459 1241 2547 Ita
1263 2475 1353 2538 tan-
1405 2457 1406 2472 ¹

260 2574 353 2651 dem
386 2596 510 2651 veram
540 2576 786 2682 ingeniorum
810 2580 982 2679 vitaeque
1003 2570 1209 2666 enitamur,
1249 2599 1343 2678 quae

201 2716 203 2721 ·
246 2688 402 2787 'cuique
426 2690 566 2767 ciuium
593 2689 719 2767 ordini
744 2696 948 2770 conuenire
972 2684 1116 2796 potest,
1142 2706 1201 2770 et
1229 2714 1278 2768 ex
1302 2714 1345 2767 ea

258 2799 398 2879 saeculi
430 2802 642 2880 felicitatem
675 2805 795 2881 enasci
821 2804 977 2910 dixeris,
1023 2830 1119 2909 quae
1147 2824 1226 2885 non
1248 2807 1346 2884 inter

252 2930 405 3019 paucus
430 2918 619 3017 putentia,
652 2918 806 3018 opibus,
844 2944 1007 3034 genere
1007 2936 1046 2999 et
1066 2920 1156 2999 leco
1178 2922 1346 2997 eminen-

234 3122 238 3131 ι
260 3041 341 3119 tes
386 3052 516 3108 aarum
542 3030 590 3109 ad
614 3030 798 3134 plurimos
824 3048 862 3111 et
887 3042 1037 3155 omnes,
1082 3035 1146 3138 etfi
1171 3048 1270 3111 certa
1289 3056 1346 3111 ra·

262 3144 371 3241 tione
394 3168 438 3221 ec
453 3142 544 3245 iege
569 3157 607 3224 et
629 3140 765 3239 modo,
804 3148 919 3251 sparsa
945 3122 1013 3228 fit:
1047 3131 1098 3227 ita
1113 3150 1346 3227 tenebuntur

260 3281 332 3351 ea,
371 3281 496 3366 quae
495 3264 609 3337 vitam
629 3253 786 3339 reddere
811 3262 946 3366 pollint
968 3278 1033 3361 aut
1056 3264 1257 3343 iucundam
1280 3274 1348 3353 aut

212 3394 214 3403 ι
260 3353 518 3475 tolerabilem,
547 3372 638 3453 dum
654 3400 726 3456 nec
743 3375 948 3457 libertatis
936 3404 994 3465 rus
1011 3394 1050 3457 et
1066 3378 1161 3470 usus
1190 3378 1348 3455 nomine

232 3484 362 3563 ·furte
388 3486 535 3576 relitlo,
570 3488 754 3581 sublatus,
789 3484 1027 3581 neormam,
1065 3488 1348 3570 necessariarum

161 3605 162 3610 '
198 3669 201 3675 .
259 3598 401 3687 saltem,
430 3602 537 3717 copia
555 3624 690 3705 easque
706 3606 858 3707 parandi
874 3607 1042 3699 facultas,
1066 3606 1348 3707 iisqneftuendi

119 3720 124 3737 ’
261 3704 476 3803 arbitrium
509 3711 576 3793 ulli
602 3720 793 3851 epupulo
814 3720 983 3800 deiuetit
1043 3717 1300 3799 Excolentur
1288 3743 1350 3796 ιιι

255 3832 411 3927 genia,
437 3852 508 3929 pru
534 3830 595 3909 lua
616 3837 800 3935 cuiusque
825 3837 1069 3926 conditione,‘
1110 3834 1254 3912 notitiis
1280 3858 1350 3913 ne-

259 3940 417 4057 ceffariis
453 3958 491 4020 et
528 3944 754 4045 salubribus3
807 3944 1056 4049 consequetur
1087 3950 1351 4051 unusquisque

257 4056 321 4145 id,
371 4058 417 4133 ιιι
450 4062 554 4184 quod
590 4086 610 4137 a
644 4075 774 4141 natura
805 4078 882 4152 erat
908 4078 1015 4142 natus
1039 4088 1082 4143 ac
1103 4064 1237 4153 fanus,
1274 4087 1351 4139 uec

122 4196 161 4267 ,ε
256 4170 435 4325 {ortunae
469 4170 507 4253 e't
541 4176 618 4257 ioci
637 4176 882 4331 malignitate
914 4180 1076 4261 deiectus
1112 4194 1150 4260 et
1174 4174 1351 4256 exclusus

1279 4278 1353 4371 ent
