2992 4992
395 688 1043 881 Epimetrum

100 838 341 998 Cum
299 918 342 998 ad
362 920 437 998 hoe
445 874 716 1024 argumentum
736 925 784 1001 ab
798 947 846 1002 eo
864 922 952 1001 iude
974 847 1139 1025 tempore
1162 948 1220 1003 re-

100 1049 103 1122 l
151 1034 231 1111 dire
258 1059 335 1113 non
358 1026 526 1115 licuerit.
561 1038 733 1132 adiiciam
755 1038 897 1117 saltem
906 1040 1088 1114 nonnulla
1114 1041 1220 1139 l'upe'r

101 1151 210 1239 ᾘὶίε,
239 1166 349 1251 quae
382 1152 425 1227 in
452 1154 630 1252 extremis
650 1126 812 1229 verlibus
838 1176 859 1230 e
886 1152 1073 1229 manibus
1080 1150 1219 1235 dimrll'e
1253 1179 1258 1185 ·

103 1264 234 1342 sune
371 1274 375 1278 ’
524 1310 529 1317 ·

258 1482 408 1569 incuria
436 1502 480 1568 et
498 1420 677 1569 socordia·
691 1488 838 1592 partim-
852 1490 892 1571 in
910 1487 1159 1594 prouidendls
1185 1503 1224 1569 et

140 1606 322 1683 cauendis
343 1608 534 1695 derebus,
576 1630 674 1707 quae
697 1632 818 1685 aerem
835 1632 1075 1742 corrumpere
1089 1607 1221 1697 solent,

140 1723 281 1821 partim
304 1724 345 1798 in
366 1721 597 1822 depellendis
629 1724 721 1799 aeris
754 1725 955 1825 caelique
945 1726 1105 1813 iniuriis,
1153 1720 1223 1799 soli
1249 1756 1251 1765 ’

141 1851 261 1936 porro
290 1848 327 1913 et
354 1854 532 1948 aquarum
556 1837 653 1912 vitiis
676 1836 931 1927 tollendisnt
933 1840 1068 1917 tinter
1090 1859 1224 1914 omnes

142 1947 312 2051 populos
338 1946 531 2037 barbaros,
558 1948 725 2050 inprimis
752 1968 901 2053 magna
898 1952 1104 2028 hominum
1124 1950 1223 2027 urul-

140 2062 346 2141 titudine
335 2083 375 2141 ιη
397 2082 514 2145 vnum
535 2058 664 2140 locum
685 2080 928 2167 congregata,
958 2068 1007 2141 ita
1029 2078 1067 2141 et
1080 2063 1223 2142 Romae
1251 2058 1257 2071 '

141 2175 248 2255 haud
272 2180 385 2257 dubie
410 2180 530 2257 febres
553 2180 750 2254 leuiores
739 2200 781 2253 ιιι
806 2182 988 2277 malignas
1003 2178 1224 2277 plerumque

143 2295 320 2370 mutauit
389 2290 493 2369 Sim
513 2288 618 2365 ulo
626 2291 775 2389 populu
807 2291 938 2421 politia
963 2291 1008 2365 ad
1028 2289 1224 2381 summum,

146 2425 232 2505 quo
253 2422 295 2481 ea
320 2404 454 2482 adduci
471 2402 610 2504 potest,
641 2394 854 2503 peruenerit
868 2404 1068 2505 listigium:
1091 2406 1226 2505 proba-

144 2518 227 2596 bile
249 2518 310 2609 fit,
337 2520 496 2597 febrium
522 2522 596 2593 vim
618 2518 816 2618 malignam
837 2520 988 2597 obscura
1006 2520 1058 2597 sui
1075 2520 1225 2620 vestigia

146 2627 217 2711 elle
234 2630 450 2711 relicturam.
492 2624 547 2709 Vt
567 2630 605 2707 in
625 2630 831 2711 nostrarum
848 2638 1037 2713 ciuitatum
1056 2636 1162 2725 fastis,
1174 2639 1225 2714 ita

147 2742 291 2827 Romae
315 2746 548 2852 pestilentiae-
559 2750 702 2824 mentio
719 2751 847 2826 erebra
862 2740 928 2851 per
944 2748 1112 2851 antiquas
1127 2768 1223 2827 neta·

147 2878 201 2941 tes
217 2861 285 2939 lit:
323 2860 363 2941 in
392 2864 602 2941 recentibus
620 2865 736 2941 rarior
754 2868 924 2943 occurrit.
985 2864 1030 2943 ln
1052 2878 1152 2942 tanta
1170 2862 1225 2941 rei

148 2978 316 3080 medicae
350 2980 586 3079 ignoratione
616 2978 711 3061 nihil
742 2978 837 3055 rede
866 2981 1070 3057 curabatur.
1148 2976 1227 3053 Vbi

148 3086 308 3194 corpora
322 3093 458 3169 morbo
479 3089 592 3188 ellent
604 3104 763 3185 tentata,
791 3114 878 3169 cunr
897 3093 943 3169 ad
960 3092 1118 3169 deorum
1134 3094 1227 3169 iram

150 3208 241 3285 mali
266 3201 400 3285 caullas
421 3208 619 3295 referrent,
653 3204 940 3307 aiuperllitiofis
965 3206 1096 3281 ritibus
1123 3207 1227 3281 auxi-

149 3318 243 3399 lium
269 3337 411 3460 petere.
439 3322 579 3399 sacrum
607 3322 832 3399 nouendiale
860 3318 1042 3408 indicere,
1076 3314 1228 3401 clauum
1281 3383 1286 3395 .

151 3458 332 3537 pangere,
346 3440 594 3537 expiatione
631 3436 845 3513 lustratione
887 3446 924 3512 et
961 3432 1229 3543 supplicatione
1305 3422 1308 3431 ‘

152 3560 282 3659 pacem
313 3565 350 3628 et
373 3555 518 3628 reniam
539 3552 701 3637 deorum
719 3564 902 3657 expetere
965 3548 1092 3644 Quid?
1123 3536 1228 3651 quud
1316 3638 1320 3648 Ι

154 3666 249 3745 sacra
271 3687 400 3744 arcana
427 3682 620 3755 curarunt,
650 3668 788 3769 quibus
816 3650 891 3766 lpse
919 3654 1060 3767 lupiter
1078 3654 1229 3742 elicere·

154 3794 234 3872 rur,
283 3797 555 3882 cogereturque
582 3784 705 3872 fateri,
755 3780 891 3880 quibus
917 3782 1082 3857 ritibus
1071 3800 1123 3855 rra
1150 3782 1228 3855 eius

155 3896 291 3994 placari
315 3893 452 3996 pollet3
486 3910 526 3971 vt
552 3895 711 3997 aTullo
736 3893 897 3973 Hostilio
919 3894 1072 3975 ludum:
1090 3890 1176 3983 iLiv.
1198 3888 1228 3980 1,

162 4035 220 4104 31.
248 4008 344 4088 Casu
368 4012 500 4115 accidit
524 4024 565 4086 vt
597 4014 627 4087 is
648 4010 807 4087 fulmine
824 4010 914 4085 iiius
930 4028 1016 4086 curn
1037 4008 1153 4083 domo
1168 4002 1230 4078 sua

158 4126 418 4224 corillngraret3
444 4151 551 4207 nam,
571 4149 659 4231 eupt
674 4140 750 4201 arte
768 4124 890 4223 aliqua
913 4138 1051 4199 temere
1068 4116 1231 4193 adhibita

101 4280 103 4362 l
159 4240 282 4341 ignem
321 4241 547 4362 caelestem
537 4264 577 4318 ιιι
602 4241 637 4319 le
656 4234 832 4319 deriualle
858 4238 999 4333 videri
989 4246 1258 4459 ternpprtlt'rnx

1131 4366 1214 4415 ara
