2992 4992
142 743 420 843 ‘ratu-specioso
443 766 488 825 ac
498 737 654 848 fpraerer
674 774 818 828 morem
835 747 894 839 lit,
924 749 1044 832 sensus
1063 719 1221 834 animos.
1251 733 1278 784 ¹¹

156 878 230 962 que
260 857 458 942 hominum
488 863 673 961 impellam
727 877 841 964 utque
866 863 989 941 saltem
1019 854 1129 944 altera
1162 895 1218 948 res
1249 911 1251 920 ι

154 970 301 1047 alterius
334 997 405 1074 ope
437 990 474 1052 et
506 991 692 1052 concentu
720 977 892 1080 indigeat.
968 977 1070 1058 Bona
1095 997 1219 1066 autem

150 1081 211 1158 sua
225 1083 394 1163 homines
413 1087 545 1164 melius
562 1112 610 1163 ex
623 1090 780 1168 aliorum
798 1091 1090 1190 praedicatione
1105 1102 1218 1193 quam'
1316 1133 1323 1181 2

149 1218 198 1271 ex
217 1201 463 1291 aestimatione
484 1200 565 1289 sua,
596 1183 835 1301 intelligunt:
873 1227 952 1304 quo
977 1204 1055 1304 ipso
1079 1206 1141 1300 lit,
1178 1223 1247 1296 vt

119 1366 124 1376 ,
147 1309 246 1386 sama
270 1335 313 1389 ac
327 1313 519 1407 celebritas
536 1317 632 1390 iuter
647 1339 704 1392 res
724 1316 794 1392 fint
806 1319 1004 1394 academiis
1023 1292 1215 1419 tantopere
1272 1363 1279 1375 =

145 1423 327 1501 salutares
337 1437 373 1501 et
387 1423 637 1527 exoptabrles
660 1430 860 1506 videndum
878 1433 1014 1520 modo
1042 1448 1081 1508 vt
1096 1434 1248 1517 lundo
1292 1519 1296 1546 ι

145 1531 213 1610 illa
243 1537 381 1621 idoneo
411 1537 455 1621 stt
486 1540 703 1631 substrusla‚
761 1559 874 1644 vtque
903 1543 1038 1632 caussas
1068 1545 1211 1640 habeat,
1301 1544 1304 1552 “

143 1666 243 1748 quae
261 1651 410 1768 laudern
431 1675 555 1733 veram
576 1678 618 1736 ac
642 1655 852 1746 duraturam
873 1657 1016 1736 saciant

476 1788 490 1817 s

258 1865 393 1946 Curata
425 1863 525 1960 inter
546 1871 638 1946 haec
666 1868 768 1947 fuere
793 1858 930 1961 multa,
974 1841 1049 1950 line
1075 1874 1216 1976 q‘uibus

138 2005 200 2061 res
224 1982 430 2060 academica
453 1983 708 2060 conualescere
729 1985 877 2082 nequit:
912 1986 975 2058 vix
992 2000 1115 2062 tamen
1142 1993 1213 2066 fuit
1315 1997 1319 2005 '

138 2094 218 2170 ulla
241 2119 298 2171 res
322 2119 416 2195 quae
439 2121 517 2172 nou
543 2095 723 2191 mplellias
748 2098 871 2174 omnis
894 2099 1038 2194 generis
1056 2121 1098 2174 ac
1114 2098 1210 2176 diffi-

136 2209 293 2300 cultates
312 2211 498 2288 obiiceret.
534 2207 695 2302 Quibus
711 2222 751 2284 vt
767 2214 1041 2298 occurreretur,
1071 2211 1239 2314 sapien

136 2324 190 2396 tia
234 2314 502 2399 immortalis
487 2324 572 2411 viri,
617 2309 971 2410 MVNCHHVSH,
1004 2325 1207 2420 prouisum
1336 2343 1340 2351 ’

99 2425 102 2430 ’
139 2435 202 2510 est.
260 2433 508 2534 Sagacilirmus
537 2435 638 2511 ille
626 2458 667 2511 m
695 2421 940 2536 reperiendis
937 2434 1003 2510 seu
1023 2434 1249 2532 praesidiis

134 2547 203 2624 seu
230 2549 418 2639 remediis,
460 2548 729 2649 acquiescens
718 2573 768 2624 rna
786 2571 914 2624 rerum.
934 2550 1147 2654 bonarum
1135 2553 1208 2625 rni-
1280 2613 1285 2634 ,

136 2663 206 2736 tiis.
229 2663 337 2737 etiam
370 2661 396 2739 sr
420 2663 545 2739 tenuia
574 2659 687 2738 essent
712 2675 750 2737 et
767 2661 927 2760 fragilia3
959 2676 996 2736 at
1012 2657 1206 2760 indefessus
1245 2671 1248 2681 '

135 2773 240 2850 idem
267 2777 376 2852 iniis
404 2773 611 2864 firmandis,
658 2775 835 2873 augendis
859 2789 897 2851 et
919 2773 1234 2874 amplificandus
1304 2779 1309 2792 '

139 2889 241 2962 bona
269 2901 317 2963 ec
336 2887 438 2966 utilia
464 2887 741 2966 consulentibus
767 2885 868 2964 haud
897 2887 1006 2965 ‘facile
1031 2886 1205 2964 obsurde-

137 2991 263 3089 scens,
300 3001 345 3080 a'd
372 3002 506 3080 decora
524 3014 791 3079 orornamenta
809 2999 1015 3078 academiae
1031 2999 1112 3077 suae
1134 3002 1205 3074 cir-

137 3113 409 3216 cumspicienda
434 3136 625 3214 nunquam
656 3138 733 3192 non
760 3101 940 3204 intentum
984 3111 1046 3187 vbi
1062 3109 1204 3187 celsan-

137 3225 231 3302 dum
266 3245 361 3319 erat,
408 3229 502 3306 nihil
534 3242 671 3305 tenuere
700 3249 877 3327 mouens:
929 3225 1200 3322 opportunitati

132 3343 245 3417 'omni
276 3339 465 3439 insidians}
499 3341 530 3418 'e
554 3353 701 3416 renata
725 3358 905 3438 occupare
926 3335 1197 3452 sollertillimus.

131 3587 141 3594 ·
184 3525 189 3530 ι
251 3565 326 3646 Res
349 3565 421 3647 suit
442 3534 768 3668 diu'multumque
790 3577 944 3658 tentata,
981 3577 1023 3642 vt·
1042 3559 1199 3644 librarius
1263 3649 1270 3680 .

131 3694 295 3760 mercatus
327 3706 413 3762 cum
445 3710 481 3761 rr
504 3682 745 3789 typographica
775 3682 815 3755 in
849 3677 917 3756 hac
945 3679 1035 3756 vrbe
1057 3675 1199 3754 efflore-

131 3795 269 3873 sceret:
308 3820 402 3897 quae
418 3799 517 3875 enim
534 3797 726 3875 Academia
741 3793 925 3871 sustentari
941 3789 1066 3892 pont,
1094 3789 1198 3866 nulla

129 3909 235 3988 fama
259 3932 301 3987 ac
320 3912 529 3990 celebritate
544 3909 713 3990 suffulta?
748 3906 845 3985 vnde
866 3907 962 3984 lama
986 3927 1028 3981 ac
1044 3901 1199 3980 celebri-

126 4038 189 4101 tas
216 4029 333 4123 parari
357 4023 422 4102 nisr
440 4024 598 4125 vulgatis
613 4023 815 4138 studiorum
831 4012 1008 4096 frudibus
1033 4015 1198 4093 eraditis
1284 4038 1288 4052 ·
1347 4047 1350 4054 ·

127 4141 174 4213 in
202 4139 395 4238 publicum
414 4137 616 4242 scriptis?
630 4140 757 4237 scripta
787 4149 909 4210 autem
936 4129 1169 4230 quomodo
1158 4151 1196 4204 m

124 4251 270 4414 vulgus
293 4254 431 4361 spargi,
469 4254 544 4333 linc
575 4247 721 4350 officina
744 4247 888 4328 libraria
913 4243 1152 4346 prudenter'
1143 4265 1196 4316 ιιι-

692 4359 816 4441 ὓᾱι
936 4391 948 4400 ·
1050 4349 1194 4432 stituta?
1282 4399 1291 4408 -
