2992 4992
461 465 774 535 ,ἐξ
954 456 958 467 ’
1119 479 1203 581 ιφ,

104 656 198 735 hicce
220 642 303 735 retes
328 660 404 733 iron
421 664 529 731 tanto
543 652 736 731 candidior
750 647 973 757 iaustiorque
986 652 1166 763 illexerit,

104 794 175 871 quo
197 772 323 849 laetius
343 764 544 865 xciuitatem
567 769 665 845 hanc
690 770 907 862 enitescere,
939 778 1077 856 ciuium
1093 782 1173 861 fre}

104 890 284 985 quentiam
305 882 524 973 inerescere,
562 882 678 961 studia
694 877 956 965 excandescere
972 893 1167 977 videmus?

102 1024 179 1077 non
203 1002 598 1078 laetemur'numerum
625 998 766 1075 ciuium
791 1001 957 1094 audium,
987 1005 1048 1084 sed
1073 1012 1168 1091 eius·

101 1115 196 1191 modi
229 1118 413 1193 iuuenum
446 1109 586 1195 acceisu
616 1127 654 1188 et
681 1113 959 1212 supplemento,
1003 1133 1170 1221 quorum

99 1231 239 1327 ingenia
257 1228 503 1329 expoliuerit,
534 1246 698 1325 quorum
715 1250 837 1305 mores
854 1230 1004 1309 finxerit
1022 1240 1173 1318 autsor

99 1357 180 1421 tuna
208 1345 348 1421 lautior
374 1356 444 1418 aut
461 1340 815 1417 meliorinititutio?
844 1347 910 1443 qui
929 1365 1039 1440 cum,
1065 1354 1173 1454 inge.
1267 1448 1270 1457 Ι

99 1482 164 1534 noa
189 1458 343 1547 indole,
382 1460 477 1532 vitae
500 1446 730 1554 elegantia,
733 1480 881 1534 morum
900 1463 1140 1569 probitateip
1142 1469 1172 1549 n

97 1572 126 1648 se
138 1575 385 1662 contineant,
402 1570 629 1647 academica
658 1568 851 1670 disciplina
877 1573 977 1653 haud
1010 1578 1171 1671 difficul-

99 1698 147 1766 ter
179 1682 469 1799 contineantur?
520 1682 646 1773 vt,s1
683 1686 891 1763 academiae
928 1689 1168 1777 humanitatis

98 1824 168 1877 non
205 1806 338 1881 minus
390 1822 503 1901 quam
542 1797 748 1877 litterarum
793 1798 963 1881 officinae
1006 1807 1076 1887 ess'e
1121 1813 1195 1891 (ιε’

98 1917 222 2006 beant,
262 1916 343 1997 noc
376 1918 529 1991 nomine
562 1936 664 1990 nune
694 1914 782 1991 cum
813 1921 974 1996 maxime
1003 1920 1171 2025 Georgia

96 2028 255 2130 Augusta
280 2028 500 2130 appellanda
523 2026 585 2121 srt3
624 2051 736 2127 quarn
759 2033 870 2124 etiam
891 2036 1075 2132 aduenae,
1094 2040 1171 2140 ‘qui

94 2168 158 2223 nos
185 2145 347 2233 adeunt,
382 2145 526 2243 quique
561 2164 608 2219 ex
637 2140 793 2218 incessus
823 2147 1019 2236 modestia,
1062 2154 1175 2230 nulio

94 2263 240 2340 riarum
262 2257 329 2335 nisa
358 2258 405 2333 ad
429 2256 613 2331 auditoria
639 2254 890 2329 festinantium
913 2259 1082 2359 strepitu,
1124 2286 1175 2345 err

95 2372 306 2473 frequentia
335 2373 376 2445 in
415 2366 565 2469 templis
605 2363 888 2467 compositoque
921 2371 965 2447 ad
995 2378 1177 2475 pietatem·

96 2501 127 2563 et
147 2483 330 2563 audiendi
357 2480 525 2563 studium
551 2478 678 2555 habitu
700 2502 743 2555 ac
763 2482 886 2572 vuitu,
916 2488 1097 2569 indicium
1120 2494 1176 2587 fa,
1262 2524 1266 2529 ·
1289 2542 1295 2553 ι

96 2605 216 2689 ciunt,
243 2599 311 2676 hac
327 2596 437 2673 laude
462 2584 597 2673 eximie
616 2598 889 2687 commendant
947 2599 1054 2683 Nihil
1070 2613 1172 2691 enirn

97 2714 270 2815 segniter,
310 2704 410 2789 nihii
427 2709 630 2787 socorditer
655 2722 692 2785 et
719 2710 850 2811 'supine
865 2717 925 2813 agi
941 2720 1090 2817 vident3
1120 2725 1173 2802 se.

99 2829 250 2917 dulitas,
280 2820 473 2914 industria,
503 2824 662 2899 studium
677 2846 760 2900 acre
781 2830 1020 2930 etincitatius
1036 2853 1173 2915 mutuo

97 2944 282 3044 adipeiiu,
317 2939 514 3039 exemplo,
551 2942 793 3036 contagione,
832 2943 993 3024 stimulat
1020 2957 1175 3028 etexei·

99 3070 161 3149 tat,
194 3071 234 3135 et
258 3055 405 3157 pudore
417 3052 596 3133 suffundit
614 3056 723 3131 etiam
740 3056 950 3146 tardiorer.'

151 3302 153 3309 '
206 3284 335 3380 Quam
366 3286 507 3361 vtInam
533 3281 683 3359 laudem
710 3280 777 3359 sibi
806 3288 995 3384 propriam
1023 3309 1065 3364 ac
1091 3312 1174 3391 per.

100 3414 246 3497 petuam
280 3398 414 3476 habeat
452 3400 543 3475 haec
578 3397 698 3473 nostra
722 3398 927 3476 academia!
963 3404 1102 3482 vtinam
1132 3432 1175 3487 ea

102 3519 222 3605 vobis,
261 3510 391 3605 Ciues,
427 3508 613 3614 proposita
627 3508 670 3585 fit
684 3508 848 3609 gloriosa
867 3528 906 3591 ct
920 3522 1174 3601 memorabilia

104 3631 348 3718 concertatio,
385 3643 424 3704 vt
447 3627 575 3705 fastam
601 3623 698 3703 hanc
720 3628 1060 3737 exemplislvestris,
1092 3661 1175 3716 mo-
1281 3685 1285 3693 ³

105 3766 176 3823 rum
203 3767 250 3835 ac
272 3742 484 3842 disciplinae
502 3740 699 3817 honestate
724 3752 761 3815 et
787 3740 1007 3841 dignitate,¹
1026 3751 1174 3853 conspi.

104 3878 201 3936 cuam
227 3858 454 3935 academiam
483 3855 681 3941 tueamini,
721 3874 870 3955 quaque
893 3860 1174 3943 locastis-laude

106 3993 140 4047 ac
160 3975 280 4061 fama,
319 3975 358 4047 in
375 3996 416 4047 ea
438 3969 590 4051 firmetis
608 3968 767 4047 iila‘mret
785 3971 990 4064 stabiliatis,
1015 3978 1184 4076 diligen·
1223 4045 1228 4053 .
1343 4006 1348 4013 ’

105 4098 231 4187 terque
255 4086 500 4186 prouidentia,
534 4108 602 4173 nc,
643 4083 747 4182 quod
782 4084 887 4185 saepe
911 4089 1067 4179 fadum,
1107 4093 1178 4171 hae

107 4218 200 4296 parta
223 4224 292 4303 per
317 4224 385 4278 voe
406 4198 793 4415 &mamm
757 4197 874 4281 laude
896 4208 1003 4285 venue
1021 4204 1177 4397 atlrffiz
1247 4220 1254 4233 ·
