2992 4992
551 416 840 479 Ε
1176 420 1229 505 72

91 638 96 684 ι
228 604 386 686 v--nene
408 600 551 688 tunm
574 600 609 683 1.
633 602 805 683 munao
827 600 949 697 mc.
968 625 1059 701 512.
1084 609 1238 709 ptem

90 758 95 801 r
159 722 442 807 conditionibus
485 718 600 809 inda,
653 731 692 796 rt
730 720 1010 825 Carthaginienses
1047 720 1166 802 Sicilia
1203 734 1237 802 rt

90 868 93 915 ε
162 836 331 925 omnibns,
360 860 442 937 qnae
465 838 549 913 inter
565 833 701 915 Itniinm
715 847 748 911 et
761 834 910 915 Siciliam
925 837 1022 940 sunt,
1047 838 1162 942 insutis·
1178 837 1235 916 de·

90 986 92 1031 ε
165 954 327 1035 cederentr
365 954 531 1047 vtrinsqne
552 952 677 1050 popuii
689 954 780 1053 sotii
797 949 842 1027 nb
862 964 1001 1051 vtroqrre
1014 950 1144 1054 populo
1168 958 1234 1031 trrtr'

89 1098 92 1149 r
160 1065 277 1172 efferte
309 1077 347 1142 vt
370 1079 483 1143 neuter
500 1068 551 1141 in'
566 1061 701 1143 nitrrinr
720 1067 842 1165 pipeti
856 1067 1125 1167 ditinnrniiqrrid
1136 1072 1236 1169 impe.

89 1240 90 1245 ,
160 1195 271 1271 reret,
313 1209 392 1258 nene
411 1176 544 1282 publice
566 1180 805 1281 moestificaret,
841 1208 897 1258 ner
920 1182 1053 1264 militem
1078 1186 1236 1261 mnan:

155 1310 230 1386 ret.
261 1324 317 1373 nec
340 1295 475 1373 alterins
494 1293 620 1395 papuli
627 1296 738 1400 socios
754 1294 839 1372 atter
847 1296 997 1397 populns
1009 1300 1043 1374 r'rr
1058 1302 1236 1375 amicitiam

153 1417 335 1512 renneretr
370 1422 410 1487 vt
427 1410 708 1514 Carthaginienses
723 1414 816 1487 intra
830 1409 883 1490 X.
900 1437 1005 1489 annor
1019 1408 1232 1490 ctoclocC.
1353 1496 1363 1515 .

150 1527 288 1605 talenta
307 1527 507 1627 conferrent,
545 1522 611 1603 clo
625 1528 697 1630 fine
708 1527 1058 1635 nortpersolrrerrntr
1086 1532 1237 1630 captiuos
1331 1615 1335 1621 ,

151 1666 266 1724 maner
298 1652 336 1717 vt
358 1641 520 1721 Romanii
540 1643 606 1741 stne
621 1646 735 1742 pretio
760 1641 1012 1738 retranit).

270 1867 419 1969 Integra
445 1872 485 1945 in
515 1872 645 1947 ceteris
661 1873 868 1972 prouinciis
896 1894 941 1950 ac
964 1870 1060 1975 lacis
1087 1884 1234 1971 praeter

150 1981 319 2065 Siciliam
344 1986 508 2063 mansere
534 1987 670 2061 omnia.
739 1982 803 2063 De
823 2000 987 2063 mercatu
1001 1990 1041 2062 in
1060 1984 1180 2063 Africa
1197 1998 1237 2063 et

151 2100 238 2179 aliis
258 2100 352 2177 locis
369 2097 540 2177 faciendo
555 2121 578 2175 a
592 2096 788 2188 Romanis,
816 2098 917 2176 etde
934 2101 991 2187 iis,
1017 2120 1113 2199 quae
1128 2098 1237 2199 supe·

150 2215 318 2291 rioribus
345 2214 560 2291 foederibus
584 2226 690 2289 cauta
715 2225 838 2300 erant,
873 2210 971 2285 nihil
987 2226 1238 2289 memoratum

154 2327 332 2423 legimus.
398 2324 560 2401 Videtur
586 2338 708 2399 tamen
727 2346 858 2425 parum
875 2323 1082 2422 probabile,
1107 2323 1168 2401 seu
1184 2338 1238 2403 ta.

155 2441 238 2517 cito
261 2438 324 2517 seu
347 2436 505 2559 publico
522 2436 697 2515 consensu
719 2462 763 2515 ea
785 2437 923 2515 sublata
938 2435 1008 2517 ene
1024 2451 1063 2515 et
1084 2438 1234 2518 abolita

270 2663 398 2767 Postea
426 2664 529 2745 betto
551 2688 639 2743 cum
661 2668 896 2743 mercenariis
917 2664 1026 2745 finito
1044 2693 1063 2747 a
1084 2666 1237 2752 Cartha·

156 2781 385 2883 giniensibus
402 2780 625 2881 postulatum
640 2804 670 2855 a.
688 2776 736 2856 V.
756 2776 799 2857 C.
823 2794 911 2873 516.
931 2797 969 2857 vt
983 2782 1145 2887 Sardinia
1153 2812 1238 2887 qno-

158 2922 222 2997 qne
240 2896 422 2974 decederent
443 2895 541 2971 etad
556 2893 843 2995 compensandas
862 2897 1043 2997 impensas
1064 2901 1102 2974 iir
1124 2924 1237 3002 appa-

158 3026 282 3089 ratum
299 3008 407 3101 beili,
436 3009 561 3108 quod,
580 3007 642 3086 etfi
661 3008 764 3085 nulla
786 3011 921 3086 idonea
939 3011 986 3087 de
1008 3010 1127 3088 cantra
1143 3016 1183 3089 in
1200 3014 1237 3091 se

160 3123 389 3225 susceptum,
426 3120 543 3200 Poeni
574 3138 630 3199 tot
659 3123 927 3201 calamitatibus
944 3122 1046 3199 fratii
1063 3125 1237 3225 depreca.

161 3241 318 3329 bantur,
348 3238 456 3315 sanas
475 3238 546 3315 alia
568 3232 702 3314 cloec
718 3236 856 3313 talenta
874 3235 1070 3312 soluerent
1133 3238 1239 3341 Nihil

162 3353 356 3455 superbius
379 3374 544 3454 vnquam
568 3349 704 3427 tatium
730 3350 902 3450 legimus.
980 3346 1084 3427 Haec
1105 3353 1239 3433 iniuria

164 3484 202 3547 et
224 3464 446 3566 iniquiffnna
467 3464 618 3565 perfidia
643 3460 922 3550 Romanorum,
955 3462 1096 3567 nquit
1123 3468 1237 3561 aliud,

164 3582 291 3668 valere
307 3581 437 3659 debuit
452 3580 496 3653 ad
514 3578 604 3654 belli
619 3575 752 3655 Punici
768 3574 817 3654 11.
835 3578 1005 3657 incendia
1023 3582 1238 3677 conflanda;

164 3696 249 3774 satis
274 3696 371 3771 enim
395 3692 625 3783 manifestum
653 3703 746 3780 erat,
786 3688 895 3767 fivel
911 3696 1072 3771 maxime
1088 3700 1122 3773 se
1145 3700 1241 3774 intra

164 3808 312 3891 Africae
327 3807 462 3884 limites
471 3802 587 3883 Poeni
603 3808 850 3893 continerent,
878 3828 897 3880 a
914 3809 1115 3909 cupiditate
1131 3810 1242 3885 huius

164 3922 302 4027 populi
327 3944 459 4022 parum
485 3932 587 3997 tutor
614 3918 651 3999 se
674 3920 783 3999 fore..
825 3914 929 3999 Sardi
947 3945 1032 4001 cum
1049 3924 1089 3997 in
1106 3920 1245 3999 Roma·

448 4095 451 4106 ,
582 4108 585 4113 ,
729 4030 817 4131 E4
1040 4080 1044 4089 ·
1103 4056 1241 4113 norum

230 4193 274 4279 i)
294 4190 547 4365 p⁰lyrbi1m'²⁷'
564 4186 648 4275 etl,
663 4192 715 4272 63.
748 4188 840 4257 nno·
857 4209 908 4275 ap.
931 4186 1113 4269 mrbeyrac.
1124 4184 1148 4255 Ι.
1165 4212 1193 4259 e.
1210 4212 1245 4277 p.

239 4304 248 4315 ·
283 4297 347 4359 310
374 4300 426 4363 q.
