2992 4992
225 471 358 579 ἰι
698 480 1118 571 m.

188 727 192 736 ,
301 664 443 769 paleas,
471 657 565 765 ‚siin
579 668 935 772 obsequiuretineaa
954 668 1015 749 vei
1030 670 1171 758 inuitos
1186 694 1274 762 eos,
1307 674 1386 774 qui,

302 804 383 881 quo
407 778 446 857 se
466 792 668 875 tueantur„
711 808 790 866 non
807 784 963 875 ,habene
1040 782 1225 869 Miramur
1243 799 1384 865 ἰιιιιειι

191 988 196 996 ο
301 892 453 1005 uulgo
437 918 569 975 omnes
580 926 656 990 eos,
676 903 815 1001 quibua
829 902 987 980 maiores
1002 902 1097 977 vires
1111 915 1149 979 et
1166 900 1295 1001 copiis
1311 903 1385 981 sor·
1406 924 1407 931 ¹

301 1022 395 1105 tuna
414 1015 605 1116 praebuit,
634 1012 746 1093 essct
750 1015 876 1099 saltem
894 1014 1118 1107 videndum,
1140 1038 1189 1093 an
1195 1038 1295 1106 cum
1313 1019 1383 1095 istis

173 1152 180 1165 ·
301 1131 459 1233 opibus,
504 1154 601 1245 quae
630 1131 853 1233 suppetunt,
908 1145 972 1209 aut
999 1133 1114 1207 virtus
1137 1130 1226 1214 adsit
1250 1136 1381 1222 maior,

165 1285 174 1302 .
231 1238 240 1247 ’
302 1258 368 1329 aut
393 1247 513 1323 maior
533 1247 731 1347 prudentia
748 1244 802 1323 ad
818 1245 1024 1345 arripienda
1044 1265 1105 1333 ea,
1135 1244 1381 1363 quaeidonea

215 1354 217 1363 ’
298 1360 465 1551 ,οοιιιῗιιιε
493 1362 557 1442 seu
583 1378 732 1462 tempus
760 1360 823 1449 seu
848 1362 944 1437 ratio
970 1359 1032 1445 seu
1055 1338 1234 1447 calliditas
1251 1360 1379 1442 afferre

299 1488 391 1577 pote
689 1520 693 1527 ·

418 1638 467 1721 Et
487 1642 578 1721 haec
594 1643 748 1745 quidem
764 1640 954 1743 praefandi
975 1640 1103 1733 caussa,
1130 1654 1170 1720 vt
1186 1654 1269 1719 mus
1289 1642 1376 1720 fere·

191 1821 204 1840 .,
302 1756 376 1833 bat.
443 1750 723 1860 Properandum
753 1758 802 1835 est
837 1756 889 1835 ars
912 1756 971 1847 id,
1013 1760 1118 1837 cuius
1145 1754 1261 1835 caussa
1289 1758 1407 1834 haec}

248 1951 251 1963 ,
300 1870 456 1973 praefati
470 1872 603 1957 sumus.
665 1872 832 1952 Crastino
850 1871 935 1963 dic,
960 1870 1048 1949 lulii
1062 1868 1110 1951 II.
1129 1871 1283 1973 insignia
1298 1870 1376 1949 Ma-

161 2019 165 2031 ·
299 1987 468 2084 gistratus
496 1976 725 2078 Academici,
765 2010 859 2087 quae
885 2008 952 2087 per
977 2002 1096 2068 totum
1120 1987 1223 2065 hunc
1241 2010 1375 2081 annum

299 2102 342 2176 ιιι
367 2103 482 2181 domo
506 2108 604 2196 eius,
634 2107 739 2183 cuius
756 2112 896 2179 numen
911 2101 1000 2178 huic
1024 2106 1181 2203 paginae
1209 2096 1375 2203 praescri·

299 2231 408 2317 ptum
429 2222 497 2308 est,
521 2219 644 2311 suere,
676 2216 944 2297 transferentur
965 2211 1015 2292 ad·
1027 2212 1162 2295 Virum
1178 2212 1376 2319 Expericn-

299 2331 494 2446 tissimum,
520 2330 731 2469 Colleganr
735 2328 1098 2447 οοιιιιιιιιιιιιιιιιιιιι,
1132 2442 1135 2449 Ι

432 2467 578 2587 ΙΟ.
610 2498 791 2579 ANDR.
821 2496 1086 2593 MVRRAY
1129 2496 1179 2578 D.

205 2764 210 2771 ι
250 2744 254 2749 ,
285 2668 514 2771 -quodcum
537 2680 574 2745 et
593 2692 697 2745 nunc
722 2690 935 2768 precamur,
966 2683 1006 2745 vt
1022 2670 1111 2772 reip.
1130 2668 1273 2759 nostrae
1291 2667 1374 2745 felix

297 2788 534 2883 faustumque
557 2782 619 2870 fit,
659 2797 740 2859 turn
757 2784 796 2857 in
811 2782 895 2892 ipfis
912 2783 1077 2863 muneris
1098 2783 1265 2885 auspiciis
1283 2784 1405 2873 bona
1404 2838 1405 2841 ι

298 2911 386 2977 'vota
410 2912 447 2974 et
462 2901 587 2975 omina
606 2898 799 2998 conceptis
815 2895 1122 2999 sollennibusque
1143 2898 1264 2973 verbis
1284 2922 1375 2973 nun·

298 3015 548 3114 cupabuntur.
595 3007 789 3102 Ducetur
810 3034 948 3147 pompa
970 3016 1124 3091 crastino
1140 3010 1252 3089 dieh
1274 3035 1311 3087 x.
1335 3010 1375 3087 ad

297 3124 483 3227 templum
510 3130 781 3215 academicum,
813 3132 872 3205 cui
893 3146 947 3218 vt,
978 3128 1133 3207 studiosa
1154 3140 1191 3203 et
1207 3126 1323 3202 nossri
1344 3138 1376 3201 et

181 3306 187 3320 .
295 3242 503 3321 litterarum
526 3240 707 3322 quentus
725 3241 1006 3333 florentissima,
1021 3241 1145 3325 adesse
1164 3240 1285 3318 velitis
1310 3241 1404 3317 fre

297 3371 476 3456 quentes,
536 3352 692 3459 publico
745 3361 966 3459 priuatoque
1004 3360 1157 3459 nomine
1189 3378 1373 3456 rogamus.

266 3543 271 3549 s
295 3468 384 3553 Hoc
399 3474 514 3569 igitur
527 3472 595 3563 est,
626 3470 793 3550 Comites
809 3475 842 3553 S.
859 3472 904 3551 R.
921 3472 949 3551 Ι.
969 3467 1216 3570 Illustrissrmi,
1254 3469 1377 3549 Gena-

295 3582 462 3664 rossffimi
477 3600 514 3663 et
531 3586 757 3665 Nobilissrmi
772 3586 904 3677 Ciues,
915 3587 1041 3688 quod,
1059 3584 1085 3663 ιι
1101 3611 1119 3663 a
1137 3585 1244 3661 uubis
1262 3586 1377 3686 impe·

296 3707 537 3809 traucrimus,
579 3708 696 3783 amori
724 3698 843 3797 vestro
863 3716 900 3779 et
918 3700 1200 3779 beneuolentiae
1218 3702 1378 3801 imputa·

296 3829 378 3895 tum
394 3817 622 3899 habebimus.
682 3817 751 3899 ΡΡ.
770 3818 853 3899 Kal.
871 3813 942 3896 Iul.
965 3814 1261 3897 cloloccrxxxr.

648 4008 653 4017 .

535 4071 540 4079 .
