2992 4992
512 466 802 525 ιιι-’.ιιι
1142 500 1194 575 5,

86 664 90 708 ³
118 697 158 749 ea
177 673 393 749 communis
409 672 460 747 eit
476 670 692 747 mortalium
711 668 808 756 sors,
834 683 876 746 vt
892 672 1003 750 rebus
1024 672 1194 759 secundia

86 779 94 822 ³
117 788 326 887 cupiditate
341 789 484 885 abrepti
497 810 554 861 res
572 789 791 885 praecipites
808 785 918 875 dent,
957 808 1049 865 mox
1074 806 1114 867 vt
1139 818 1192 885 ea,

87 905 92 938 ³
113 926 221 1001 quae
247 902 439 977 medendis
467 900 571 977 malis
596 900 760 976 remedia
780 900 976 999 prudentie
1007 911 1195 1005 repererit,

86 1008 91 1054 ³
119 1018 334 1093 nouamala
350 1016 551 1103 inducant,
582 1015 840 1113 quibusantea
867 1019 1050 1097 carebant
1113 1020 1195 1114 Qu

86 1124 89 1170 ³
121 1134 259 1207 maiora
273 1155 344 1231 pro
359 1131 454 1207 sorte
465 1129 526 1205 sua
545 1141 744 1228 appetunt,
775 1132 842 1229 qui
860 1132 1015 1231 imperia
1029 1135 1197 1233 acregna‘

86 1280 88 1284 ·
121 1245 183 1322 seu
203 1249 241 1321 vi
260 1246 323 1322 seu
341 1244 495 1322 confilio
513 1244 632 1347 astuto
653 1242 719 1318 fibi
743 1258 892 1342 parant,
924 1250 1082 1345 reguiue
1105 1248 1198 1328 fines

86 1392 88 1398 ⁸
117 1360 230 1437 latius
253 1360 482 1437 extendunt:
522 1372 565 1435 vt
591 1360 628 1433 vi
652 1370 756 1457 parta
790 1365 981 1449 tueantur,
1032 1385 1109 1438 non
1130 1362 1199 1441 niti

118 1475 200 1550 aliis
227 1476 410 1552 violenter
441 1473 541 1551 fadis
569 1497 612 1550 ac
644 1472 830 1549 destinatis
859 1472 1004 1572 giaffari
1035 1473 1196 1576 poffiuut.

119 1586 176 1665 Ita
194 1614 263 1688 per
278 1603 471 1689 utramque
482 1586 627 1665 Indiam
645 1589 691 1665 ab
708 1582 910 1689 Europaeis
924 1592 1077 1689 imperia
1094 1615 1199 1668 exer-

119 1713 274 1793 centur,
302 1707 439 1804 quibus
455 1703 559 1780 nulla
579 1705 820 1779 barbarorum
836 1704 1033 1781 crudelitas
1046 1719 1084 1783 et
1101 1718 1199 1784 atro-

117 1820 210 1895 citas
230 1822 436 1917 comparari
449 1819 577 1918 potest.
638 1816 776 1895 Grauia
794 1841 907 1915 porro
933 1818 1030 1897 bella
1045 1822 1085 1896 in
1108 1820 1200 1901 Sici·

117 1931 170 2007 lia
189 1956 280 2008 cum
300 1930 485 2033 Dionysio
507 1932 647 2009 seniore
666 1930 785 2009 Poeni
809 1929 1007 2030 gesserant.
1048 1934 1199 2013 fortuna

116 2048 231 2121 varia.
307 2043 405 2124 Cum
428 2048 581 2151 Etruscis
610 2046 761 2125 foedera
787 2042 890 2123 fuiffe
915 2061 952 2123 et
980 2048 1080 2147 peda
1102 2074 1200 2127 ‚con-

115 2174 235 2236 venta
250 2159 289 2237 de
311 2164 405 2237 rebus
422 2161 659 2261 importando,
689 2162 728 2236 de
746 2187 814 2236 noo
830 2154 1003 2262 inserendis
1026 2168 1153 2240 iniuriis
1170 2174 1201 2240 et

114 2274 162 2350 de
175 2276 349 2373 societate,
381 2298 428 2349 ex
447 2274 640 2376 Aristotele
654 2276 828 2354 nouimus
850 2277 920 2377 s):
959 2300 1030 2354 nec
1059 2278 1106 2355 ab
1127 2276 1202 2355 lta·

113 2388 196 2463 liae
215 2384 433 2464 acce-[sucos
455 2384 676 2477 abstinuisse,
707 2388 745 2463 id
769 2388 894 2465 saltem
921 2391 1052 2482 docet,
1097 2392 1203 2492 quod
1301 2415 1305 2422 ’

117 2502 197 2577 [ιώ
217 2498 261 2575 V.
286 2497 327 2576 C.
353 2525 403 2596 37
411 2524 429 2595 5
451 2517 781 2579 commemoratum
797 2505 978 2603 legimus,
1009 2505 1205 2586 eosVibo·

120 2640 216 2691 nem
231 2612 443 2705 Valentiam
461 2616 522 2693 seu
549 2614 789 2721 Hipponem,
829 2622 869 2696 in
894 2636 1056 2701 extrema
1085 2620 1201 2715 Italia,

118 2727 305 2815 reduxiffe
322 2731 450 2817 exules
475 2724 542 2832 g).
892 2740 897 2749 '
1112 2753 1118 2759 ·

239 2956 447 3037 Interhaec
465 2953 580 3050 adeo,
608 2981 694 3037 curn
719 2966 930 3041 communis
955 2962 1042 3041 effet
1063 2963 1203 3045 Roma·

123 3056 265 3150 norum
281 3078 318 3149 et
337 3074 550 3153 Poenorum
574 3089 693 3151 metus
715 3100 734 3177 a
757 3074 964 3177 Dionysio,
1004 3100 1205 3177 cumquea

122 3189 376 3288 praedonibus
404 3192 630 3277 infestaretur
660 3187 786 3267 Italiae
817 3191 944 3279 littus,
983 3186 1204 3269 Latinorum

125 3318 250 3381 autem
270 3302 444 3393 detectio,
476 3326 524 3383 ne
541 3303 580 3399 in
599 3324 728 3397 agrum
750 3305 855 3381 suum
880 3303 1041 3379 aduenas
1064 3303 1121 3379 illi
1146 3328 1205 3385 ac·

124 3420 313 3519 ciperent,
343 3418 630 3498 sollicitudinem
651 3414 805 3493 faceret:
832 3428 1054 3496 renouatum
1070 3418 1203 3501 foedus
1324 3480 1327 3487 -

1107 3536 1204 3615 inter

181 3718 231 3803 f)
249 3712 381 3793 ‘Ariston
404 3720 443 3783 de
456 3718 533 3801 Rep.
544 3716 607 3795 111,
624 3736 654 3799 9.
680 3714 697 3799 (
708 3713 751 3797 6)
777 3716 916 3795 eieipoda
931 3718 1036 3795 adfore
1056 3719 1205 3805 evaditur
1275 3744 1281 3767 ¹

240 3802 383 3885 περὶτῶν
398 3804 620 3877 εἰσαγωγίμων,
640 3806 683 3877 rud
698 3798 840 3882 σύμβολα
852 3804 919 3889 oapi
938 3805 991 3869 τοῦ
1011 3802 1055 3892 μή
1077 3804 1203 3881 ddruti'r,

241 3893 288 3959 ard
303 3886 418 3969 epodus*
433 3886 499 3971 περὶ
515 3891 706 3965 συμμαχίας.
846 3962 852 3979 ,

132 4044 135 4053 s
189 4000 241 4084 g)
264 3998 520 4079 Diod.XV‚24.
544 3996 726 4079 xivam.
772 3993 950 4080 Hipponem
966 3999 1137 4085 Diooytiue
1160 3996 1205 4063 se·

240 4084 314 4147 nior
328 4085 510 4162 diripuerat:
543 4084 595 4164 qui
612 4080 693 4143 idem
715 4079 863 4163 aegytum
887 4080 1023 4147 ssCeere
1039 4080 1127 4147 eieffe
1152 4084 1207 4146 ad·

242 4178 334 4229 ortua
351 4165 500 4245 temptum
521 4168 705 4245 opulentum
729 4162 927 4227 Leucotheae
954 4165 1096 4313 spoliaret
1108 4162 1149 4229 V.
1166 4166 1203 4232 C.
1269 4199 1274 4229 ι

242 4256 315 4328 368.
348 4250 444 4316 Diod.
464 4246 542 4327 XV,
560 4256 619 4329 Ι14.
651 4247 781 4329 Aristet.
801 4245 923 4313 Oeeoo.
948 4248 961 4315 1

243 4337 287 4401 du
310 4334 379 4403 Vel.
985 4292 995 4326 ⁹
1022 4266 1054 4336 p.
1071 4251 1143 4325 ⁵0⁶⁸
1166 4250 1203 4316 Β.
1312 4346 1319 4363 ·
