2992 4992
546 395 838 473 -’.--·-··-·........
1177 430 1223 507 51
1282 420 1288 435 ¹

154 605 225 684 illo
244 600 339 691 finu,
347 602 384 677 in
394 603 497 678 cuius
514 603 649 679 intimo
659 596 797 680 'receilu
806 598 1063 704 Carthagofita
1076 621 1156 685 erat
1168 601 1228 711 t).-

154 725 214 822 qur'
232 716 283 795 ad
291 728 504 793 mercaturam
516 716 821 815 uenerintueddigal
842 721 967 796 nullum
977 722 1229 820 pendentum-

158 844 220 912 tra
245 858 337 931 quam
363 833 410 909 ad
425 836 598 933 praeconis
625 844 687 909 aut
702 833 833 935 scribae
851 835 1042 919 mercedem
1074 836 1233 939 quiem!

159 962 265 1029 aurem
293 946 375 1051 hisce
395 946 620 1050 praesentibus
640 950 748 1047 feeerit
774 948 959 1041 uenditum,
1000 951 1136 1050 publiea
1155 955 1228 1057 fide

158 1063 318 1141 uenditori
334 1060 486 1145 deberem
512 1066 602 1161 quod
627 1064 754 1159 quidem
778 1068 815 1141 ier
834 1064 964 1167 Africa
980 1079 1042 1143 aut
1067 1066 1228 1151 Sardinia

146 1181 261 1285 fuerit·
275 1176 454 1255 uenditum.
512 1174 577 1255 Sr'u
598 1181 670 1275 quir
686 1177 917 1255 Romanorum
941 1184 976 1257 in
998 1208 1069 1256 eum
1096 1180 1227 1264 Siciliae

147 1306 280 1403 purtem
309 1294 449 1378 uenerit,
493 1314 576 1390 quae
608 1294 747 1389 imperio
780 1292 1094 1397 Carthaginienfium
1112 1313 1226 1399 paret,

147 1415 227 1487 iure·
245 1431 349 1506 aequo
368 1406 516 1484 Romani
538 1411 578 1483 in‘
600 1404 751 1483 omnibus
766 1420 915 1486 utuntur.

265 1618 415 1716 Scilicet
427 1630 581 1717 mercis,
608 1650 723 1727 quam
741 1627 945 1706 afferebant
957 1628 1121 1724 Romani
1133 1632 1232 1711 men

138 1758 295 1823 catores
323 1749 405 1837 u),
458 1745 632 1842 priuatim
659 1728 876 1821 vendendae
909 1750 967 1819 ius
1000 1764 1038 1821 et
1072 1748 1226 1825 facultas

147 1860 258 1937 nulla
277 1872 372 1951 erat3
401 1856 461 1935 sed
479 1858 659 1967 quicquid
686 1859 927 1948 venderetur,
962 1860 1112 1957 publice
1136 1887 1227 1939 ven-

147 1974 320 2051 dendum
343 1986 439 2062 erat,
481 1994 664 2069 praecone
692 1986 730 2045 et
755 1970 870 2059 scriba
907 1976 1103 2071 praesente.
1171 1958 1233 2053 Siss

147 2088 234 2165 mili
266 2088 382 2163 modo
412 2084 617 2163 mercatum
657 2099 874 2161 exterorum
908 2080 1159 2161 circumscribi
1187 2092 1229 2167 in

141 2202 283 2279 multis
303 2200 431 2293 Indiae
448 2202 627 2297 emporiis
643 2200 831 2271 nouimus.
893 2196 1013 2287 Quod
1036 2198 1229 2296 fipublict
1260 2287 1266 2297 .

144 2314 229 2391 fide
254 2314 409 2388 debetur
439 2312 499 2397 id,
560 2309 664 2407 quod
692 2307 844 2406 publice
872 2310 1062 2386 venditum
1097 2313 1235 2393 fuerit:-

144 2424 267 2506 facile
287 2423 528 2523 intelligitur,
568 2424 695 2509 iniis,
741 2443 844 2520 quae⁶
874 2423 1047 2521 priuatim
1081 2428 1229 2507 vendin

137 2553 274 2630 erant,
306 2538 481 2636 exigendi
499 2536 614 2612 debiti
630 2549 667 2611 et
692 2535 949 2635 persequendi
965 2539 1021 2614 ius
1048 2555 1087 2617 et
1110 2540 1229 2621 facul·

142 2670 263 2733 tatem
289 2650 392 2737 fuisse
420 2650 572 2729 nullam.
648 2646 905 2757 De‘emtione
929 2653 1023 2729 nihil
1057 2672 1229 2735 cautum:

147 2795 241 2847 nana
264 2769 356 2845 haec
376 2766 421 2843 ad
445 2763 660 2843 Poenorum
688 2764 882 2841 utilitatem
904 2778 983 2843 tota
1002 2792 1069 2867 per
1090 2770 1127 2868 le
1146 2784 1228 2849 erat

147 2896 372 2983 comparata.
433 2876 663 2965 Obieruetur
680 2893 717 2957 et
739 2879 804 2955 illa
824 2876 1040 2959 Poenorum
1063 2886 1227 2982 pruden-

145 3003 217 3090 tia,
251 2996 357 3097 quod
372 2997 563 3070 interiores
590 3007 701 3069 terras
728 2994 827 3069 adire
852 2985 1009 3072 noluere
1034 2996 1226 3075 Romanos
1322 3070 1330 3083 ,

137 3125 371 3191 'mercatores
379 3134 390 3203 3
420 3108 481 3215 sed
499 3132 546 3184 ex
564 3110 608 3184 iis
634 3111 738 3185 terris
768 3132 924 3185 mercec
941 3106 1004 3185 sua
1031 3132 1144 3207 opera
1162 3108 1228 3187 ad·

146 3228 269 3305 vectas
290 3224 355 3325 ipsr
375 3223 573 3300 vendidere
587 3219 705 3299 Poeni
722 3218 925 3309 Romanis,
956 3235 995 3297 et
1008 3225 1055 3299 ab
1080 3226 1124 3299 iis
1150 3249 1228 3303 ern·

145 3354 202 3417 tas
217 3362 359 3416 merces
376 3362 443 3437 per
458 3336 631 3413 Afrorum
651 3337 730 3412 fora
756 3338 897 3434 preti0‚
936 3336 1040 3435 quod
1071 3336 1136 3439 ipfi
1160 3340 1228 3416 sta.

147 3458 323 3547 mebant,
343 3451 590 3533 venditarunt.
638 3446 783 3527 Verum
797 3449 1116 3551 circumscriptum
1128 3454 1229 3534 illud

719 3560 760 3639 D
785 3591 810 3641 2
1038 3567 1227 3682 vendendi
1321 3619 1325 3627 ι

210 3759 251 3841 t)
271 3754 482 3821 Dura'oratio
502 3752 563 3833 est,
587 3752 657 3837 quie
670 3729 795 3836 neget}
807 3723 901 3817 etiarn
917 3754 950 3818 in
961 3757 1075 3822 ceteris
1089 3753 1229 3819 nonnul·

263 3844 316 3905 lic.
360 3839 419 3905 Sed
436 3842 547 3901 infern
565 3836 661 3920 prisco
675 3845 881 3901 monumento
896 3839 967 3921 quir
981 3839 1130 3903 sermonia
1142 3838 1230 3918 aspe-

239 3922 247 3929 ’
263 3925 389 3987 ritatem
409 3922 557 3986 mitetur!
1088 3938 1102 3949 ’·

210 4035 256 4118 u)
279 4036 370 4111 Quae
384 4054 436 4119 rec¹
451 4032 656 4109 cecinerint,
677 4050 757 4115 quas
773 4030 908 4095 Romani
927 4033 961 4095 in
984 4038 1155 4093 mercatum
1174 4043 1231 4109 ιμ-
1311 4060 1323 4072 ·

262 4128 388 4202 portare
414 4116 550 4199 pollent,
591 4138 654 4179 non
679 4116 862 4179 inuenimns
883 4128 1104 4179 memoratum.
1154 4108 1231 4175 Fru-

204 4276 216 4287 .
242 4210 371 4350 4¹:113:th
384 4202 456 4351 {irs}
465 4202 569 4267 Africa
586 4200 771 4267 abundabat.
815 4202 868 4265 An
882 4197 993 4264 coria?
1007 4189 1121 4259 tanae?
1132 4189 1234 4281 'vinti
